3200 4959
642 425 822 496 1542

644 585 849 648 bentes,
883 599 945 635 ac
978 589 1243 648 sugentes,
1276 580 1704 648 quemadmodum

646 663 837 725 stirpes
876 667 931 710 et
966 661 1159 724 plautae
1198 659 1334 710 fiune
1356 674 1423 709 ex
1446 659 1706 708 ealiumo-

645 751 756 787 rem
778 736 1025 798 trabuut‚'
1048 740 1147 787 dcc.
1181 737 1349 788 lamb.

716 817 814 863 806
850 814 1009 864 Terrae
1050 813 1293 862 radicibus
1322 811 1449 878 apti]
1483 814 1529 863 1.
1548 829 1595 863 e.
1631 813 1712 863 in·

646 889 909 939 haerentes
943 897 997 937 et
1042 887 1179 938 affixi
1226 896 1383 939 terrae
1426 889 1708 940 radicibus.

648 963 813 1014 Lamb.
849 961 1178 1026 Συνωφθέντες.
1218 964 1355 1013 Vide
1377 964 1587 1013 omuino
1613 964 1709 1013 Di·

646 1038 861 1088 odorum
885 1039 977 1089 lib.
1019 1043 1068 1088 l.
1090 1053 1333 1100 magnum
1357 1039 1493 1087 enim
1528 1054 1708 1100 operae

648 1113 874 1178 pretium
908 1115 1083 1164 fuerit.
1136 1115 1305 1166 Faber.
1371 1111 1706 1176 Συναφθέντες.

650 1189 794 1240 Olim
838 1188 1153 1238 Censorinus
1194 1204 1312 1252 cap.
1357 1194 1407 1238 2.
1448 1197 1506 1238 ut
1552 1189 1709 1238 hodie

650 1263 842 1330 Fayus‚
882 1276 1065 1315 vocem
1122 1264 1360 1314 radicibus
1415 1265 1526 1313 voci
1570 1270 1712 1314 terrae

652 1341 922 1404 adjunxit:
960 1342 1051 1390 sed
1078 1339 1295 1390 fallitur.
1346 1340 1546 1390 Creeoli.

719 1422 817 1468 808
852 1419 1065 1480 Fugiens
1105 1416 1366 1479 humorem]
1404 1415 1493 1465 Sic
1536 1431 1715 1466 omnes

654 1493 795 1542 libri.
846 1493 1123 1542 Lambinus
1146 1497 1341 1553 tamen,
1372 1507 1563 1553 sugens.
1614 1492 1710 1540 Lo-

656 1569 835 1634 quitur
868 1568 932 1618 de
955 1571 1187 1630 humore,
1208 1566 1273 1616 de
1309 1582 1409 1632 quo
1440 1575 1625 1632 quarto
1645 1569 1718 1616 ab

652 1643 773 1692 bine
810 1657 997 1702 νει-ως
1032 1641 1143 1692 ibi:
1188 1643 1461 1706 ‘Multus‚’
1486 1647 1585 1702 &e
1623 1645 1713 1692 Gi·

644 1719 758 1780 fan.
846 1718 1213 1768 Existimarem
1264 1720 1384 1769 olim
1440 1721 1713 1782 legendum

652 1809 828 1856 sugens
874 1794 1127 1856 humorem,
1170 1793 1341 1844 verbis
1380 1793 1628 1844 Fir-miani
1659 1802 1716 1846 et

656 1870 909 1922 similibus
942 1870 1068 1920 loeis
1108 1869 1382 1920 adductus.
1446 1869 1604 1920 Nunc
1627 1886 1717 1920 au-

654 1953 762 1996 tem
788 1947 1061 1997 lectionem
1082 1952 1347 2010 receptam
1384 1953 1552 2010 tueor,
1572 1948 1718 2009 fugi·-

653 2038 737 2074 eus
758 2025 1013 2074 humorem.
1074 2023 1211 2073 Sunt
1243 2024 1382 2073 enim
1419 2024 1531 2073 hoee
1564 2025 1718 2088 -quasi

655 2101 1029 2166 consequentia
1050 2101 1064 2130 ‘
1087 2099 1293 2164 fugiens
1317 2100 1603 2164 humorem,
1627 2115 1719 2150 au·-

660 2191 850 2242 rasque
899 2175 1199 2240 petissens.'
1252 2175 1419 2225 Lami».
1500 2176 1565 2225 In
1617 2191 1722 2240 quo

655 2252 764 2302 viz.
799 2253 1013 2301 humore
1044 2250 1273 2300 infantes
1313 2252 1365 2299 in
1406 2250 1522 2300 istis
1560 2248 1722 2300 uteris

663 2326 850 2376 inclusi
874 2326 1145 2375 natabant.
1178 2327 1375 2375 Creeeh.

722 2401 969 2464 Aurasque
988 2401 1245 2464 petissetis]
1273 2401 1359 2450 Sic
1391 2400 1586 2450 babent
1609 2406 1722 2450 tres

658 2477 781 2526 libri
803 2491 1057 2525 manuscr.
1080 2476 1279 2526 dictum
1316 2483 1491 2526 autem
1519 2477 1537 2504 ‘
1558 2478 1722 2540 petis-

658 2551 751 2614 so‚’
777 2567 867 2601 seu
892 2552 908 2580 ‘
922 2551 1169 2616 petesso,’
1199 2559 1259 2602 ut
1290 2554 1307 2580 ‘
1328 2551 1583 2616 capesso,'
1613 2553 1629 2580 ‘
1645 2553 1720 2602 la·

660 2634 840 2690 cesso,’
860 2629 876 2656 ‘
894 2642 1102 2678 arcesso
1122 2627 1157 2678 ε’
1190 2630 1363 2678 malim
1382 2637 1553 2678 autem
1573 2643 1720 2692 repo-

657 2705 713 2752 ni
734 2705 983 2768 petissem.
1047 2705 1133 2754 Sic
1156 2705 1293 2754 euim
1330 2704 1551 2755 Festus:
1580 2707 1596 2734 ‘
1617 2704 1721 2753 Pe-

660 2781 843 2830 tissere
884 2781 1081 2846 antiqui
1118 2796 1211 2845 pro
1249 2788 1429 2847 petere
1452 2781 1724 2843 dicebant,

662 2871 727 2906 ea
748 2856 953 2922 quidem
976 2856 1143 2907 forma
1175 2857 1339 2918 verbi,
1372 2871 1473 2920 qua
1490 2863 1628 2905 ⁴suut
1646 2858 1723 2905 la·

660 2945 865 2982 cessere
886 2941 943 2981 et
982 2934 1255 2982 incessere.
1278 2933 1381 2982 Sed
1398 2931 1484 2997 (ut
1500 2933 1625 2983 mihi
1649 2934 1725 2984 vi·

660 3004 839 3070 detur)
854 3021 915 3056 eo
940 3007 1297 3070 significabant
1312 3008 1502 3071 saepius
1524 3014 1727 3071 petere,

666 3088 727 3134 ut
748 3082 1025 3146 petissant,
1046 3083 1235 3146 soepius
1259 3082 1477 3147 petant-⁹
1526 3083 1726 3133 Hacte-

662 3173 761 3208 nus
785 3159 992 3209 Festus.
1031 3159 1199 3208 utitur
1233 3160 1331 3210 boc
1363 3158 1522 3208 verbo
1554 3166 1613 3208 et
1647 3160 1726 3208 M.

661 3235 796 3284 Tull.
831 3235 919 3284 lib.
960 3239 1007 3285 2.
1036 3235 1101 3284 de
1126 3235 1450 3285 Consulatu:
1480 3236 1496 3262 ‘
1516 3236 1725 3285 Mente-

662 3324 766 3372 que
810 3303 989 3360 divina
1026 3312 1209 3360 eaelum
1264 3318 1528 3376 terrasque
1566 3312 1726 3374 petis·

664 3387 771 3436 sit!
806 3387 972 3440 lamb.
1026 3389 1285 3440 Petissens.
1368 3390 1453 3438 Ita
1480 3390 1646 3441 nostri
1667 3390 1728 3438 li-

663 3463 773 3522 bri;
808 3463 1111 3512 rectissime.
1148 3463 1319 3522 szan.

730 3543 829 3586 8⁰9
866 3537 1182 3586 convertebat
1199 3538 1291 3600 ibi]
1306 3538 1390 3586 Sic
1414 3539 1622 3600 quidem
1639 3541 1727 3590 lia·

666 3614 991 3665 bent‘omnes
1006 3613 1144 3672 libri,
1161 3619 1217 3661 et
1231 3626 1487 3662 manuscr.
1512 3620 1567 3663 et
1590 3614 1730 3678 vulg.

670 3692 1025 3736 verumtamen
1051 3687 1155 3735 ibus
1176 3687 1449 3750 legendum
1461 3689 1727 3756 putabam,

666 3770 731 3810 ut
761 3763 1129 3824 intelligamus,
1150 3767 1383 3810 naturam
1406 3767 1726 3815 convertisse

666 3840 919 3891 foramina
941 3846 1095 3890 terrae
1116 3839 1181 3888 ad
1197 3836 1459 3902 infanteis,
1474 3853 1565 3890 seu
1592 3843 1726 3903 poti-

668 3934 729 3968 us
766 3917 834 3968 ad
875 3923 1051 3967 uteros
1089 3917 1201 3965 illos
1246 3921 1479 3978 tempore
1519 3909 1721 3966 m'aturo

670 3993 977 4057 patefactos.
1015 3998 1030 4021 ‘
1056 3993 1194 4042 ibus'
1238 3999 1412 4042 autem
1454 3994 1726 4057 antiquum

670 4084 765 4132 pro
786 4071 866 4130 iis,
880 4076 1017 4118 teste
1034 4069 1223 4118 Nonio.
1276 4067 1451 4119 Plaut.
1473 4069 1591 4117 Mil.
1607 4074 1654 4119 l.
1678 4073 1727 4119 1.

666 4149 761 4196 74.
807 4148 823 4174 ‘
849 4146 963 4194 ibus
1005 4146 1332 4194 denumerem
1372 4144 1726 4208 stipendium?

672 4214 929 4284 Pompon.
1011 4221 1211 4270 ‘Nunc
1263 4220 1471 4285 quando
1513 4221 1725 4272 voluisti

668 4297 865 4360 facere,
888 4295 973 4346 fac
991 4297 1247 4361 voluptati
1266 4298 1372 4352 sies·
1406 4296 1557 4348 ibus.'
1623 4299 1730 4356 Ve-

1351 436 1564 490 No‘rAE
1615 433 2018 489 vammum
2067 437 2148 488 ΙΝ

1783 586 2068 630 rnmtamen
2089 579 2216 630 nibil
2233 571 2436 629 mutare
2461 568 2643 630 ausim.
2674 574 2844 631 Lamb.

1781 657 1876 706 Ibi.
1918 658 1952 706 i.
1987 673 2038 707 e.
2078 662 2203 706 tum.
2242 657 2414 706 Faber.
2485 654 2598 705 Ibus
2639 671 2740 720 pro
2781 658 2844 707 iis

1782 733 2080 783 Lambinus.
2142 733 2224 782 Ibi
2245 732 2428 782 Faber.
2481 733 2600 782 Tim
2623 733 2749 782 mibi
2772 727 2844 782 vi·-

1783 807 1935 859 detnr
1973 808 2238 872 respicere
2281 821 2461 858 vocem
2488 808 2586 857 Ubi
2622 823 2702 860 vs.
2727 813 2846 872 8135.

1787 884 1978 935 Creech.

1847 965 1944 1010 813
1978 960 2188 1024 Impetus
2224 959 2464 1024 alimenti]
2509 959 2602 1009 Nil
2649 959 2838 1009 melius

1783 1040 2022 1098 poterat3
2057 1035 2238 1085 sentiri
2261 1042 2453 1100 potest,
2487 1049 2591 1084 non
2613 1034 2848 1099 expliea-

1783 1113 1844 1161 τί.
1871 1111 2044 1160 Faber.

1847 1188 1946 1236 81⁶
1980 1189 2047 1236 At
2080 1189 2266 1238 nouitas
2299 1186 2486 1250 muudi]
2519 1187 2640 1236 Hoc
2679 1188 2846 1250 perti-

1784 1270 1877 1312 net
1898 1265 1962 1312 ad
1985 1264 2040 1312 id
2065 1263 2199 1326 quod
2226 1264 2338 1326 quis
2361 1263 2590 1326 objicere
2612 1271 2846 1326 poterat,

1781 1353 1952 1403 neque
1995 1340 2170 1388 omisit
2215 1339 2521 1388 Firmianus.
2579 1339 2660 1387 sie
2700 1340 2844 1388 enim

1785 1413 1875 1462 ille
1912 1427 1993 1474 eo,
2024 1427 2176 1477 quem
2215 1414 2392 1476 paullo
2431 1419 2556 1462 ante
2596 1410 2845 1474 indicavi,

1786 1489 1926 1538 loco.
1988 1489 2258 1541 Quomodo
2295 1495 2466 1538 atatem
2493 1489 2596 1538 vim
2619 1487 2849 1554 frigoris,

1788 1572 1880 1614 aut
1915 1566 2124 1625 caloris,
2159 1564 2298 1614 ferre
2337 1570 2429 1614 aut
2464 1565 2630 1614 vitare
2665 1569 2849 1628 potue-

1789 1647 1930 1703 runt,
1953 1646 2046 1691 aut
2081 1642 2288 1690 omnino
2311 1641 2470 1704 nasei,
2492 1657 2610 1690 cum
2645 1642 2722 1690 sol
2759 1652 2849 1689 ex-

1787 1723 1986 1778 ureret,
2004 1716 2168 1780 frigus
2185 1717 2526 1780 astringeret?
2551 1717 2674 1766 Non
2692 1723 2849 1766 eraut

1787 1791 2077 1857 (inquiunt)
2111 1807 2142 1840 a
2175 1792 2436 1855 principio
2469 1789 2648 1839 muudi
2681 1791 2856 1841 biems·

1791 1875 1848 1918 et
1868 1877 2044 1930 aestas,
2061 1868 2156 1918 sed
2182 1874 2434 1932 perpetua
2468 1866 2768 1930 temperies,
2789 1870 2852 1916 et

1789 1957 1886 1993 ver
1907 1943 2185 2008 aequabile.
2251 1943 2360 1992 Cur
2379 1956 2504 2006 ergo
2517 1942 2642 1990 nibil
2666 1943 2849 1994 borum

1790 2018 1906 2068 fieri
1927 2019 2084 2068 etiam
2107 2033 2242 2068 nune
2266 2019 2538 2067 videmus?
2559 2023 2660 2070 dte.
2676 2019 2849 2070 lamb.

1793 2092 2066 2144 Quomodo
2089 2101 2260 2144 autem
2295 2095 2395 2143 vim
2417 2093 2624 2156 frigoris
2654 2101 2746 2144 aut
2763 2111 2850 2146 ea-

1792 2169 1914 2218 loris
1935 2167 2091 2231 ferre,
2113 2175 2204 2219 aut
2227 2169 2403 2219 vivere
2435 2177 2734 2234 potuerunt,
2757 2181 2852 2220 aut

1793 2245 2000 2295 omuino
2053 2247 2214 2308 nasci,
2267 2261 2384 2296 cum
2445 2249 2520 2296 sol
2576 2257 2854 2308 exureret,

1792 2320 1956 2384 frigus
1975 2322 2328 2386 astringeret?
2384 2323 2522 2374 Quia
2563 2321 2615 2370 in
2653 2323 2854 2387 prinei-

1792 2398 1884 2460 pio
1907 2397 2084 2447 mundi
2119 2413 2218 2448 uon
2241 2407 2356 2449 erat
2389 2399 2563 2462 hyems
2596 2406 2651 2447 et
2673 2405 2854 2460 amas,

1794 2473 1886 2522 sed
1929 2480 2184 2536 perpetua
2219 2475 2522 2538 temperies,
2563 2482 2619 2524 et
2651 2487 2748 2524 ver
2781 2489 2854 2523 εε-

1795 2551 2024 2614 quabile‚
2044 2565 2145 2601 vss.
2167 2555 2216 2600 3.
2266 2552 2348 2600 Ab
2369 2553 2507 2600 omni
2528 2551 2688 2615 igitur
2709 2558 2858 2603 retro

1795 2634 1954 2676 aetate
1997 2627 2150 2676 tellus
2203 2633 2370 2676 mater
2401 2628 2526 2689 jure
2569 2627 2716 2676 dicta
2747 2630 2854 2684 est,

1793 2716 1908 2752 cum
1933 2703 2188 2762 volucres,
2223 2702 2380 2763 feras,
2418 2703 2592 2764 ipsum
2623 2702 2854 2766 denique

1793 2777 2046 2825 hominem
2065 2777 2328 2838 produxit.
2365 2777 2558 2827 Creech.

1858 2856 1956 2901 818
1993 2853 2168 2902 Omm‘a
2209 2853 2332 2901 em‘m
2365 2854 2570 2915 puriter,
2605 2848 2714 2915 ξω]
2761 2853 2851 2902 Ita

1795 2942 2000 2992 quoque
2035 2933 2188 2978 nestas
2219 2937 2278 2977 et
2318 2929 2530 2991 liyems3
2567 2927 2670 2976 ista
2705 2929 2852 2977 enim

1793 3005 1942 3067 hujus
1965 3009 2140 3072 ‘versus
2157 3005 2436 3054 sententia.
2473 3004 2662 3053 (ἵκει-ἡ.

1859 3083 1958 3132 819
2004 3081 2166 3136 Quare
2205 3080 2350 3130 etium
2385 3085 2528 3142 atque
2561 3077 2730 3142 etiam]
2761 3081 2856 3130 Sic

1796 3169 1950 3218 supra
1991 3157 2164 3218 paullo
2200 3163 2362 3205 ante:
2415 3156 2432 3184 ‘
2456 3155 2758 3220 Linquitur,
2795 3165 2862 3206 ut·

1795 3230 2019 3292 merito‚’
2049 3235 2148 3280 &m
2179 3231 2350 3280 Lamo.

1862 3307 2140 3356 Maternum
2177 3321 2344 3358 nomen
2371 3309 2546 3370 adepta
2587 3308 2738 3358 Terra
2781 3313 2856 3358 te·

1795 3381 1900 3444 net]
1923 3385 2112 3445 Adepta
2149 3388 2278 3432 tenet
2311 3383 2391 3433 sic·
2425 3384 2646 3445 dictum,r
2673 3389 2734 3433 ut
2767 3385 2860 3434 illa

1799 3474 1912 3522 quae
1933 3458 2176 3508 annotavi
2191 3459 2256 3509 ad
2287 3464 2334 3510 1.
2357 3463 2502 3510 1068.
2558 3461 2574 3488 ‘
2598 3459 2856 3523 Amplexi

1796 3533 1933 3599 quod
1982 3534 2178 3585 babent
2219 3547 2464 3598 perverse
2506 3537 2675 3600 prima
2711 3536 2861 3588 viai!

1797 3613 1966 3668 Lamb.

1861 3692 1962 3738 822
1993 3688 2134 3745 Quod
2159 3688 2213 3738 in
2234 3690 2420 3750 magnis
2450 3687 2701 3740 bacchatur
2721 3705 2864 3741 mon-

1798 3764 1924 3812 tibus
1950 3763 2153 3827 passim]
2186 3764 2234 3813 1.
2271 3779 2320 3816 e.
2356 3764 2499 3828 quod
2532 3766 2726 3828 passim
2757 3781 2861 3830 per

1798 3841 2038 3903 montem,
2055 3841 2420 3890 bacchantium
2443 3840 2498 3892 in
2519 3855 2734 3904 morem,
2768 3855 2862 3892 va-

1797 3923 1968 3978 gatur.
2003 3915 2172 3965 lamb.

1863 3995 1960 4042 824
2010 3991 2110 4040 Sed
2151 3988 2264 4054 quia
2285 3991 2440 4056 finem
2481 3991 2712 4054 aliquam,
2745 3993 2860 4057 ξω]

1798 4066 1906 4115 Cur
1938 4081 2061 4116 vero
2083 4066 2208 4116 nibil
2235 4067 2414 4116 borum
2435 4065 2548 4118 fieri
2571 4067 2861 4118 etiamnum

1797 4142 2070 4193 videmus?
2103 4143 2361 4194 Quoniam
2399 4157 2500 4194 vss.
2537 4147 2621 4192 ll.
2656 4148 2864 4206 tempo⁴

1798 4217 2144 4282 risyconditio
2195 4223 2450 4279 mutatur,
2491 4223 2636 4270 terra
2697 4219 2858 4271 desiit

1799 4307 2002 4358 patere,
2043 4300 2100 4342 et
2144 4291 2276 4359 quid.
2307 4291 2496 4344 mirum
2539 4294 2586 4344 si
2627 4296 2856 4352 mundns
