3200 4959
573 395 747 462 1596
761 439 766 442 -

1259 407 1478 457 1⁴01·AE
1525 403 1935 456 VARIORUM
1988 403 2065 450 ΙΝ

576 561 634 604 et
655 549 1018 612 Philsenidem,
1053 555 1111 598 et
1150 549 1280 598 elias
1316 549 1514 611 puellas
1547 548 1641 598 im·
1710 545 1927 596 Divitiae
1951 541 2171 608 grandes
2201 539 2391 590 homini
2425 544 2569 600 sunt,
2603 539 2788 588 vivere

577 629 788 693 pudicas
814 626 931 686 ibis,
955 632 1010 675 et
1031 623 1095 674 ad
1121 639 1296 674 sacros
1313 625 1438 674 istos
1455 625 1642 672 clemo-

1712 635 1872 685 psrce
1896 621 2063 684 AEquo
2098 617 2287 666 animo.
2322 629 2495 679 neque
2528 617 2671 672 enim
2703 623 2793 664 est

577 715 805 764 res,cum
823 699 1146 761 Miudurida,
1181 706 1236 748 et
1267 698 1644 760 Sardanapalo,
1712 711 1953 762 umquam
1988 694 2224 758 paenuria
2256 691 2442 756 parvi?
2506 692 2791 739 Postremo

579 786 636 828 et
655 791 768 828 cum
794 775 897 824 tuis
921 775 1155 824 omnibus
1189 774 1424 836 ejusdem
1447 773 1643 823 ordinis

581 859 637 904 et
659 853 803 902 chori
829 850 1195 902 saltatoribus?
1216 852 1403 911 nescis,
1423 849 1644 913 pbiloso-

583 929 756 992 pbinm
780 927 1065 978 Herculem
1099 935 1155 975 et
1193 927 1332 975 viros
1355 925 1645 975 Herculeos

582 1004 650 1054 ad
671 1017 728 1052 se
749 1015 956 1061 vocare,
977 1017 1078 1051 non
1104 1001 1398 1050 mehercule
1417 999 1647 1050 cinaedos

585 1086 640 1130 et
663 1077 924 1140 voluptati
941 1077 1150 1126 deditos
1171 1075 1402 1125 homines
1421 1074 1456 1122 ?'
1471 1133 1482 1142 ι
1507 1074 1649 1122 Hac·

585 1163 737 1206 tenus
756 1155 1076 1204 cleomedes.
1102 1150 1310 1200 Profert
1325 1157 1496 1198 autem
1511 1151 1649 1198 hunc

587 1229 822 1280 Lucretii
844 1243 1050 1278 versum
1093 1227 1292 1276 Probus
1331 1225 1650 1276 Grammati-

587 1320 678 1356 cus
701 1304 752 1354 iu
777 1304 1060 1353 Institutis.
1095 1301 1263 1351 lamb.

651 1385 686 1430 6
715 1381 932 1430 Veridico
973 1394 1036 1428 ex
1071 1378 1174 1440 ore]
1218 1378 1308 1428 Ita
1343 1377 1550 1425 omnino
1583 1375 1652 1425 de

591 1458 820 1521 Epicuro
843 1471 937 1506 suo
959 1455 1257 1504 sentiebant
1281 1454 1508 1502 cultores
1521 1453 1656 1502 Hor·

591 1533 707 1582 tuli.
774 1531 862 1581 Ita
894 1545 1030 1593 mox,
1056 1531 1071 1558 ‘
1093 1527 1331 1578 veridicis
1354 1527 1508 1578 dictis
1525 1527 1541 1550 ’
1575 1539 1655 1574 vs.

590 1611 672 1658 23.
713 1608 881 1656 Faber.

662 1687 724 1731 1⁰
743 1678 1380 1741 Omniajczmsermemmi]
1403 1679 1659 1728 Detracto

595 1757 864 1820 superiore
905 1757 995 1804 illo
1044 1769 1220 1816 versu,
1256 1757 1271 1782 ⁸
1295 1755 1364 1803 Et
1405 1768 1500 1816 per
1541 1769 1659 1818 qnae

596 1837 839 1898 possent:
861 1835 961 1881 ὅτε.
989 1831 1252 1880 sententia
1280 1831 1430 1893 hujus
1452 1830 1573 1890 loci,
1595 1829 1660 1878 sb

597 1925 674 1959 vs.
696 1914 746 1960 9.
798 1909 814 1936 ‘
843 1909 976 1958 Nam
1015 1921 1132 1955 cum
1172 1905 1302 1954 vidit
1333 1905 1436 1966 hic,
1465 1903 1531 1952 ad
1555 1904 1661 1952 vic-

598 1992 708 2036 tum
749 1999 864 2047 quae
903 1981 976 2032 fl!
1008 1985 1107 2031 &m
1143 1994 1304 2044 usque
1341 1978 1406 2028 ad
1442 1993 1662 2039 versum,

599 2061 614 2088 ⁶
636 2059 896 2109 veridicis
919 2057 1112 2120 igitur,'
1126 2059 1224 2106 &m
1245 2057 1356 2105 baec
1377 2062 1489 2103 estz
1529 2055 1665 2103 Nam

600 2149 719 2186 cum
735 2136 868 2185 vidit
883 2133 1164 2197 Epicurus,
1181 2145 1244 2180 ea
1257 2145 1372 2195 quoe
1385 2129 1453 2178 sd
1473 2129 1665 2177 victum

601 2211 901 2274 cultumque
945 2207 1240 2258 necessaria
1289 2211 1412 2254 siint
1451 2203 1669 2252 homini-

604 2285 722 2346 bus,
744 2299 858 2332 esse
879 2283 932 2332 in
957 2290 1164 2347 promtu
1188 2281 1362 2343 posits.
1385 2286 1440 2328 et
1461 2277 1667 2327 facilins

603 2359 836 2412 homiues
857 2359 1116 2406 interdum
1140 2355 1358 2416 divitiis,
1379 2361 1434 2402 et
1456 2353 1671 2414 lionore,

607 2444 662 2485 et
685 2435 868 2497 gloria,
901 2440 958 2484 et
993 2433 1112 2481 filiis
1151 2431 1330 2495 probis
1368 2445 1430 2480 ac
1465 2430 1562 2493 piis
1583 2444 1673 2479 ex-

608 2512 818 2571 cellere,
875 2521 1046 2574 neque
1099 2506 1266 2555 minus
1311 2514 1486 2554 tamen
1531 2505 1675 2554 domi

610 2585 790 2634 anxios
821 2597 958 2644 esse,
979 2589 1035 2631 et
1067 2583 1210 2645 ipsos
1245 2581 1346 2631 sibi
1375 2580 1675 2644 displicere,

611 2668 668 2712 et
713 2673 828 2710 cum
867 2659 1078 2709 fortuna
1113 2659 1482 2720 expostulare:
1525 2658 1677 2706 iutel-

612 2737 758 2801 lexit,
779 2738 876 2786 boc
899 2735 1098 2796 vitium,
1121 2741 1280 2798 atque
1311 2733 1445 2782 hanc
1469 2733 1675 2796 culpam

613 2814 680 2866 ab
703 2812 872 2862 anirno
904 2809 1164 2875 proficisci
1205 2815 1422 2870 aegroto,
1453 2814 1510 2857 et
1541 2809 1678 2856 male

616 2902 756 2939 sano.
823 2884 1268 2940 Quemadmodum
1305 2883 1443 2932 enim
1484 2897 1593 2942 vas,
1634 2882 1679 2932 si

617 2978 720 3012 non
739 2969 818 3012 est
841 2963 1116 3020 sincerum,
1153 2959 1404 3023 quidquid
1441 2958 1494 3006 in
1526 2957 1578 3006 id
1604 2957 1681 3004 in·

617 3040 871 3100 funditur,
889 3037 1178 3100 corrumpit
1191 3053 1207 3086 ι
1233 3037 1276 3086 si
1299 3043 1566 3101 pertusum
1581 3042 1683 3098 est,

618 3130 720 3166 non
756 3120 934 3179 potest
963 3113 1264 3163 contineret
1295 3114 1374 3162 ita
1407 3113 1448 3162 si
1484 3111 1681 3162 animus

618 3205 718 3241 non
740 3197 822 3240 est
844 3195 1088 3252 purgatus
1111 3195 1167 3238 et
1197 3203 1368 3253 sanus,
1399 3189 1538 3238 nulla
1559 3194 1683 3237 sunt

621 3267 758 3316 bona
810 3272 1046 3328 exterus,
1101 3280 1218 3330 qnae
1274 3281 1391 3316 eum
1447 3267 1682 3330 explere,

622 3355 806 3405 quaeve
843 3357 959 3390 eum
997 3356 1203 3403 aequum
1237 3343 1460 3392 reddere
1501 3349 1554 3392 et
1591 3342 1683 3392 ob-

620 3419 821 3470 lectare
871 3419 1089 3480 possint.
1171 3419 1386 3468 Juvabit
1443 3429 1685 3482 repetere

626 3509 744 3558 quae
783 3493 952 3556 posita
991 3497 1111 3541 suut
1145 3497 1196 3541 2.
1239 3497 1320 3542 16.
1359 3495 1564 3542 ‘nonne
1612 3494 1686 3543 vi-

626 3573 772 3634 dere,
795 3571 882 3620 Nil
903 3570 1041 3619 aliud
1077 3570 1176 3618 sibi
1210 3577 1445 3618 usturam
1476 3571 1688 3633 latrare,

625 3647 726 3696 nisi
761 3654 836 3704 ut,
859 3659 976 3693 cum
999 3645 1229 3706 Corpore
1253 3645 1516 3707 sejunctus
1539 3645 1689 3694 dolor

628 3721 784 3781 absit,
805 3725 979 3769 mente
1008 3719 1214 3768 fruatur
1249 3721 1489 3771 Jucundo
1515 3735 1688 3784 sensu,

629 3811 756 3847 cura
777 3803 994 3858 semota,
1027 3802 1273 3860 metuque
1293 3797 1312 3846 ?
1349 3797 1488 3860 Ergo
1511 3811 1691 3860 corpo·

631 3886 768 3922 ream
780 3871 855 3920 -ad
871 3877 1108 3920 naturam
1126 3885 1296 3934 pauca
1312 3873 1545 3922 videmus
1563 3873 1691 3922 Esse

631 3964 760 4012 opus
793 3949 1019 4011 omnino,
1049 3963 1165 4013 quae
1201 3950 1410 3999 demant
1434 3965 1691 4014 quemque

634 4025 882 4074 dolorem.
915 4024 1141 4073 Delicias
1162 4038 1366 4088 quoque
1392 4025 1466 4074 uti
1489 4025 1690 4084 nullas:

633 4102 732 4148 dcc.
755 4098 1056 4162 quibuscum
1078 4106 1428 4147 consentanea
1457 4107 1576 4148 suut
1606 4100 1695 4148 ills

636 4174 868 4238 ejusdem
893 4175 1127 4223 Lucretii
1147 4187 1214 4222 ex
1238 4180 1285 4222 6.
1307 4179 1452 4224 1116.
1499 4175 1515 4204 ‘
1538 4175 1693 4228 Quod

635 4251 680 4301 si
701 4250 815 4316 quis
837 4263 957 4298 veru
979 4250 1138 4298 vitam
1173 4251 1372 4300 ratione
1406 4251 1662 4315 gubernet
1683 4265 1698 4302 ,ι

1717 771 1965 822 traditum
1988 778 2086 830 est,
2109 769 2391 832 Epicurum
2430 781 2593 830 parvo
2628 766 2792 814 fuisse

1716 853 2037 907 contentum,
2052 845 2379 909 plurimaque
2398 843 2464 890 de
2483 842 2628 890 tenui
2644 842 2796 890 victu

1718 922 2001 986 scripsisse,
2038 933 2281 984 saepeque
2310 917 2551 967 babuisse
2584 917 2647 964 -in
2682 931 2800 978 ore,

1720 999 1957 1060 exiguam
2012 995 2289 1045 fortunam
2334 992 2655 1042 intervenire
2710 1005 2795 1040 se·

1722 1073 1922 1135 pienti:
1966 1073 2161 1120 omneis
2198 1070 2423 1134 denique
2467 1069 2795 1131 cupiditates

1722 1161 2153 1212 supervacaneas,
2192 1153 2249 1196 et
2280 1160 2449 1210 neque
2486 1145 2797 1204 natur-aleis,

1722 1239 1891 1287 neque
1914 1224 2253 1284 necessarias,
2277 1221 2510 1270 funditus
2533 1235 2599 1268 ex
2624 1222 2799 1270 animo

1724 1301 1977 1364 sepientis
1998 1301 2253 1348 evellisse.
2287 1299 2455 1347 Lamb.

1792 1377 2003 1439 Parata]
2041 1377 2201 1429 Quasi
2236 1376 2285 1422 in
2326 1375 2493 1422 medio
2529 1375 2720 1437 posita,
2743 1380 2803 1422 ῥίς

1728 1453 1998 1517 parabilis.
2019 1459 2209 1502 natura
2230 1452 2365 1500 enim
2388 1465 2469 1499 res
2488 1457 2677 1514 paratu
2698 1447 2805 1498 dis-

1729 1529 1913 1578 ficileis
1952 1536 2009 1578 et
2042 1535 2331 1577 sumtuosas
2372 1541 2473 1574 non
2518 1526 2804 1588 desiderat,

1732 1607 1822 1655 sed
1876 1604 2195 1668 parabilibus
2243 1608 2497 1652 contenta
2545 1609 2646 1651 est.
2712 1601 2805 1651 Sic

1735 1681 2011 1731 Laertius:
2042 1679 2121 1730 καὶ
2156 1679 2215 1728 τὸ
2246 1681 2334 1737 τῆς
2368 1677 2555 1741 φύσεως
2588 1679 2808 1727 {wacko-

1733 1756 1959 1819 γισμένου
1995 1755 2152 1819 τέλος,
2188 1755 2266 1804 καὶ
2295 1753 2472 1815 τὶνμὲν
2493 1758 2589 1802 τῶν
2618 1755 2808 1815 ἀγαθῶν

1734 1831 1894 1897 πέρας,
1931 1833 1993 1882 ὥς
2034 1830 2165 1880 ἔστιν
2200 1829 2593 1894 εὐσυμπλήρωτόν
2630 1849 2689 1878 τε
2727 1829 2809 1880 καὶ

1736 1909 2027 1972 εὐπόριστον,
2073 1906 2485 1968 διαλαμβάνοντος·
2526 1906 2588 1954 τὸ
2626 1905 2677 1956 δὲ
2715 1909 2813 1956 τῦν

1738 1987 1908 2040 κακῶν,
1931 1985 1992 2033 ὣς
2011 1982 2043 2041 ἢ
2062 1982 2274 2046 χρόνους,
2292 1982 2324 2041 ἢ
2356 1981 2522 2032 πόνους
2554 1981 2669 2044 ἔχει.
2695 1983 2731 2032 ἰ.
2756 1997 2809 2033 e.

1739 2061 1757 2088 ¹
1782 2061 1853 2108 Et
1886 2060 1971 2122 qui
2006 2067 2205 2107 naturae
2245 2058 2402 2106 finem
2444 2058 2615 2106 animo
2652 2064 2810 2122 etque

1742 2137 1943 2184 ratione
1977 2133 2451 2198 comprehenderit,
2488 2133 2699 2196 quique,
2737 2133 2814 2182 di·

1744 2214 1887 2262 lectu
1927 2212 2125 2273 habito,
2162 2225 2257 2260 seu
2296 2210 2632 2259 distinctione
2666 2209 2816 2258 adhi-

1743 2288 1872 2350 bita,
1906 2289 2165 2350 intelliget
2206 2287 2453 2334 bonorum
2478 2285 2689 2348 quidem
2726 2299 2817 2334 ex-

1746 2371 1965 2412 tremum
2008 2361 2166 2414 facile
2222 2363 2494 2426 compleri,
2552 2367 2608 2410 et
2654 2375 2816 2425 parvo

1747 2447 1915 2489 sumtu
1956 2439 2128 2502 parari
2168 2454 2348 2503 posse:
2386 2440 2637 2488 malorum
2676 2453 2819 2500 vero,

1748 2514 1903 2578 longo
1956 2521 2210 2577 tempore,
2265 2523 2321 2563 et
2375 2515 2541 2562 multo
2596 2511 2817 2564 labore!

1747 2589 1915 2638 Lamo.

1816 2669 1875 2713 11
1914 2665 2002 2724 Et,
2029 2679 2119 2727 per
2150 2679 2255 2726 quoe
2299 2665 2449 2713 vitam
2479 2669 2672 2727 possent
2711 2675 2820 2712 corr-

1750 2740 1917 2788 sistere
1960 2737 2141 2802 tutam]
2194 2740 2467 2802 Interpres
2504 2741 2642 2788 bunc
2688 2751 2822 2788 vern.

1752 2816 1912 2865 delet.
1956 2817 2213 2878 Exempla
2232 2814 2431 2865 Gifanii
2464 2817 2527 2864 ab
2550 2815 2649 2864 hac
2672 2816 2827 2877 signi-

1752 2891 1995 2942 ficatione
2016 2893 2101 2939 τοῦ
2134 2892 2384 2939 consistere
2422 2905 2627 2954 prorsus
2651 2891 2823 2940 aliena

1756 2974 1893 3017 sunt.
1931 2967 2106 3016 Faber.

1822 3045 1894 3092 Et
1912 3057 1998 3106 per
2016 3057 2120 3106 ques
2140 3041 2348 3105 possent]
2382 3041 2486 3090 Hic
2522 3055 2703 3090 versus
2724 3041 2821 3090 hoc

1756 3122 1872 3172 loco
1894 3123 2013 3186 poni
2032 3123 2210 3184 debet,
2230 3135 2417 3186 nempe
2436 3120 2685 3184 deinceps
2706 3119 2825 3184 pcs't

1756 3212 1985 3261 versum,
2017 3199 2034 3226 ‘
2058 3199 2195 3248 Nam
2234 3213 2349 3246 cum
2386 3197 2520 3246 vidit
2560 3196 2685 3258 bic‚’
2726 3199 2825 3244 «Sec.

1758 3273 1800 3322 si
1844 3273 1997 3323 modo
2032 3273 2375 3322 Lucretianus
2416 3278 2514 3320 est.
2556 3272 2829 3330 consistere,

1759 3353 1950 3406 autem,
1972 3349 2009 3399 i.
2032 3363 2079 3399 e.
2102 3353 2349 3411 statuere,
2364 3353 2421 3397 et
2438 3347 2692 3396 stabilire.
2726 3347 2827 3396 Sed

1760 3425 1970 3488 quidam
1984 3431 2170 3487 putant
2186 3437 2289 3471 non
2308 3437 2421 3472 esse
2438 3422 2828 3483 Lucretianum,

1762 3506 1919 3562 atque
1942 3499 2127 3548 iccirco
2150 3497 2423 3546 delendum
2446 3503 2697 3548 censent:
2724 3497 2832 3560 qni-

1763 3573 1859 3622 bus
1896 3574 2051 3636 plane
2090 3572 2359 3621 assentior.
2424 3572 2571 3620 Nam·
2608 3571 2831 3634 primum

1764 3662 2179 3712 supervacaneus
2225 3653 2324 3709 est,
2380 3646 2672 3710 praesertim
2730 3659 2831 3708 quo

1764 3723 1947 3773 ordine
1991 3724 2145 3785 vulgo
2191 3723 2406 3784 legitur:
2465 3722 2653 3770 deinde
2704 3720 2831 3769 illud

1764 3800 1914 3848 vitum
1930 3799 2181 3848 consistere
2197 3803 2367 3859 Mam,
2384 3810 2713 3860 concoquere
2730 3810 2837 3845 non

1766 3889 1991 3938 possum.
2059 3875 2197 3926 Quin
2218 3875 2319 3922 hcc
2342 3873 2619 3934 contendo,
2643 3873 2837 3921 Latine.

1768 3950 1872 3999 dici
1907 3964 2009 4002 non
2046 3964 2215 4013 posse,
2246 3949 2261 3978 ‘
2286 3949 2443 3998 vitam
2483 3955 2651 3998 tutam
2676 3949 2837 3998 stabi-

1767 4023 1897 4073 lire!
1965 4025 2103 4074 Nam
2143 4023 2415 4074 ‘stabilire
2456 4025 2651 4082 vitam,’
2696 4025 2837 4074 valet

1769 4097 1969 4163 per'se,
1992 4101 2153 4149 vitam
2180 4105 2345 4149 tutam
2378 4101 2612 4149 reddere.
2679 4099 2836 4152 Quod

1770 4176 1812 4224 si
1846 4176 1863 4203 ‘
1888 4175 2047 4224 vitam
2090 4182 2253 4225 tutam
2288 4175 2549 4224 stabilire’
2588 4176 2836 4224 soloecum

1770 4257 1870 4314 est,
1894 4265 2019 4314 ergo
2040 4252 2207 4302 multo
2230 4252 2391 4315 magis
2412 4253 2560 4302 vitam
2580 4252 2837 4301 consistere
