3200 4959
540 385 609 433 τ.
655 381 1018 433 Lucnu‘ru
1066 383 1247 433 cAm
1296 383 1393 431 nn
1442 383 1714 433 Renum
1762 383 1937 434 NA‘r.
1991 387 2134 437 mn.
2181 389 2250 435 v.
2340 373 2514 440 1509

377 532 476 578 447
512 527 715 577 Hosne
734 543 765 575 ο
786 524 958 589 terris]
992 527 1115 576 Non
1136 533 1379 592 poterant

310 603 593 667 principia.
613 602 835 668 (inquit)
868 605 1009 652 inter
1042 618 1098 653 se
1122 603 1248 654 dare
1272 619 1377 653 mo·

311 688 399 728 tus
421 679 829 736 convenienteis,
853 680 950 729 hoc
972 685 1069 742 est,
1103 693 1205 728 non
1230 689 1383 743 pote-·

314 761 437 805 rant
480 771 513 804 a
557 755 711 814 terris
748 757 931 804 caelum
975 769 1236 819 separare,
1278 760 1378 805 dcc.

312 832 535 881 Lambin-
599 831 895 894 Explicatio
935 831 1140 879 illarum
1178 843 1387 893 vocum,

311 908 479 958 ‘dare
515 906 1127 969 motus·conveni'entes,’
1166 907 1200 955 i.
1224 921 1270 956 e.
1306 908 1382 956 in·

317 985 453 1048 quit,
508 997 755 1048 separare
796 985 982 1033 coelum
1022 999 1053 1032 a
1093 990 1248 1045 terra,
1282 986 1387 1032 &cc

317 1061 494 1111 Faber.
561 1061 687 1110 Alia
702 1074 841 1122 vero,
860 1073 1011 1124 quam
1036 1059 1201 1122 posui,
1220 1059 1381 1108 inter-

318 1137 552 1200 pretatio
576 1151 677 1184 non
700 1143 783 1184 cst
803 1137 1013 1198 inepta,
1042 1135 1101 1183 'et
1135 1139 1149 1163 ⁸
1169 1135 1353 1183 coelum
1368 1133 1383 1155 '

316 1220 466 1264 recte
488 1213 659 1262 aerem
682 1211 1022 1272 interpretor.
1058 1209 1251 1258 σκευὴ.

322 1328 331 1336 .
383 1292 493 1338 448·
518 1287 732 1349 Secreto]
788 1287 1054 1351 Sejnncto,
1090 1291 1382 1349 segregato.

324 1365 499 1415 Faber.
708 1401 713 1406 -

384 1446 485 1491 449
506 1441 707 1491 Sem
728 1440 864 1503 item]
889 1439 1215 1503 Macrobius,
1240 1436 1382 1489 Seor-

320 1532 443 1566 sum.
478 1515 661 1566 Gifan.

387 1597 487 1642 450
523 1593 709 1657 Quippe
749 1592 945 1656 etnim]
986 1593 1117 1642 Cum
1153 1590 1295 1642 rudis
1328 1597 1385 1640 et

320 1670 579 1733 indigeste
600 1670 1023 1733 corpusculorum
1046 1668 1315 1731 congeries
1330 1667 1385 1716 in

322 1746 561 1796 ordinem
594 1746 865 1808 redigatur
902 1758 998 1809 per
1032 1753 1246 1807 motum,
1278 1759 1385 1794 om·

324 1823 511 1887 nisque
558 1830 731 1872 motus
784 1836 815 1870 a
856 1821 1115 1886 gravitate
1172 1823 1389 1883 oriatur,

326 1906 473 1949 recte
496 1897 715 1963 inquirit
735 1897 907 1947 Poeta
942 1897 1067 1962 qnid
1093 1898 1251 1947 atomi
1274 1911 1389 1960 gra·

324 1976 551 2024 vissimae-
566 1981 743 2037 agant.
784 1973 1111 2023 Existimavit
1128 1980 1302 2022 autem
1320 1976 1388 2024 E-

324 2052 537 2115 picurus
562 2055 889 2100 coacervatas
914 2047 1263 2113 confusasque
1284 2056 1393 2099 ato·

326 2143 436 2177 mos
462 2126 755 2191 irrequieto·
782 2132 839 2175 et
858 2126 1087 2190 ingenito
1121 2140 1215 2175 suo
1246 2133 1391 2176 motu
1414 2120 1441 2186 J

326 2207 401 2256 ita
412 2219 529 2254 sese
542 2203 729 2253 convol
738 2203 885 2264 visse,
896 2203 1195 2265 revolvisse,
1204 2217 1393 2268 susque

329 2283 503 2346 deque
518 2279 901 2342 exa'gitasseflit
922 2285 1185 2344 postremo
1206 2281 1391 2330 crassi-

328 2374 443 2409 ores
468 2371 649 2408 omnes
682 2371 859 2407 versus
895 2357 1121 2406 medium
1160 2355 1395 2406 condux-⁴

331 2439 485 2497 erint,
510 2446 564 2486 et
596 2435 857 2485 tenuiores
877 2436 1171 2484 extrusione
1193 2433 1341 2484 facta
1361 2450 1393 2484 a

330 2511 671 2562 crassioribus
708 2523 887 2558 versus
918 2507 1391 2559 circumferentiam

331 2589 604 2638 avolat-int.
648 2586 819 2635 Porro
840 2600 908 2636 ex
924 2585 1267 2635 crassioribus
1280 2585 1391 2649 qui-

332 2665 447 2713 dem
470 2664 571 2712 illis
593 2659 871 2712 conflatum
899 2660 1062 2710 fuisse
1097 2667 1252 2711 terrae
1278 2675 1392 2710 cor-

332 2755 450 2804 pus,
470 2738 607 2805 qnod
630 2739 827 2787 semina
862 2752 1011 2801 aquae
1047 2737 1103 2786 in
1138 2752 1194 2786 se
1229 2738 1393 2787 conti-

329 2822 502 2877 neret,
524 2823 585 2864 ut
605 2829 719 2878 quae
742 2829 843 2862 non
856 2815 1155 2877 ‘potuissent
1176 2814 1395 2878 perinde

332 2893 551 2942 avolare
572 2905 686 2940 cum
709 2891 937 2941 caeteris.
1005 2891 1078 2940 At
1110 2905 1141 2940 e
1174 2892 1399 2954 caeteris,

333 2969 473 3034 quod
499 2967 629 3017 varii
662 2968 716 3016 iu
750 2967 881 3030 ipsis
902 2967 1173 3018 tenuitatis
1205 2967 1395 3031 gradus

333 3045 533 3108 forent,
568 3043 825 3109 quasdam·
841 3041 1095 3092 restitisse
1118 3058 1217 3092 nou
1242 3045 1397 3108 longe

334 3135 366 3170 a
388 3130 553 3184 terra,
585 3122 921 3171 constituisse
940 3121 1144 3184 serem,
1177 3122 1399 3186 reliquas

336 3199 495 3247 altius
518 3197 813 3259 emersisse,
827 3203 883 3246 et
896 3199 1226 3248 constituisse
1242 3200 1401 3247 aethe-

334 3269 464 3337 rem,
486 3281 542 3323 et
565 3282 779 3323 extrusa
810 3273 962 3323 simul
997 3274 1306 3337 corpuscula
1327 3273 1402 3337 ig-

336 3365 438 3400 nea
462 3349 649 3400 coiisse
670 3349 725 3398 in
759 3363 847 3399 eas
882 3350 1065 3412 moles,
1098 3365 1215 3415 quae
1238 3351 1291 3399 in
1314 3350 1405 3399 illo

337 3427 511 3476 adhuc
556 3418 834 3489 collucent,
874 3433 931 3476 et
976 3427 1306 3490 appellantur
1338 3425 1405 3474 si·

339 3503 487 3552 dere.
552 3502 785 3565 Corpora
826 3500 1051 3565 denique
1086 3501 1175 3550 illa
1206 3501 1406 3549 minora

340 3578 589 3640 rotunda,
627 3578 799 3638 laevia,
839 3575 1001 3626 fuisse
1041 3576 1107 3626 ad
1144 3590 1262 3625 eum
1304 3590 1407 3624 mo·

342 3661 455 3704 tum
485 3655 541 3703 in
580 3651 1051 3703 circumferentiam
1096 3666 1193 3716 per
1238 3651 1408 3712 elisios-

346 3729 484 3791 nem,
516 3743 611 3780 seu
646 3730 1035 3792 expressionem
1060 3744 1107 3776 ·a
1142 3727 1407 3778 crassiori-

346 3807 443 3856 bus
462 3805 665 3855 factum'
700 3806 776 3855 sic
802 3805 1167 3866 determinata,
1200 3810 1260 3853 nt
1290 3818 1407 3853 cum

346 3899 411 3932 ex
434 3895 608 3932 massa
642 3888 815 3931 tamen
844 3896 947 3930 non
972 3881 1175 3930 exirent
1197 3880 1296 3928 viis
1320 3893 1408 3942 pa·

348 3953 564 4020 rallelis,
586 3971 755 4021 neque
769 3958 965 4022 juxtim
999 3956 1311 4020 inciderent,
1332 3955 1410 4003 id-

349 4037 491 4085 circo
514 4037 569 4084 in
591 4035 705 4098 ipso
728 4035 1125 4098 progressu.sibi
1158 4034 1299 4083 varie
1320 4033 1412 4082 ob-

350 4113 673 4173 cursitarint,
728 4104 1082 4175 impetumque
1136 4115 1411 4172 acceptum

346 4187 531 4238 ‘mutuo
555 4187 887 4251 refregerint,
912 4200 1014 4253 quo
1030 4201 1193 4251 usque
1216 4187 1415 4250 impetu

352 4265 577 4330 denique
602 4270 861 4328 cessante,
896 4279 1013 4330 quse
1054 4263 1417 4329 promotiores,

1452 526 1561 576 sive
1599 543 1631 577 a
1670 527 1840 577 medio
1879 529 2181 578 remotiores
2221 521 2530 588 extiterunt·

1450 601 1656 652 effecta*
1679 611 1800 653 sunt
1837 603 1934 652 sibi
1969 605 2190 654 invicem
2223 605 2512 670 implicita»,

1453 693 1672 743 seseque
1695 687 1874 730 multuo
1903 682 2256 744 continentes,
2289 685 2516 746 compri-

1454 763 1676 817 mentes,
1697 765 1856 820 atque
1881 757 2076 806 idcirco
2107 759 2336 820 speciem
2359 773 2518 824 qusn-

1456 832 1573 881 dam
1609 833 1912 882 moeniorum
1953 832 2127 882 mundi
2150 839 2424 894 creantem
2461 840 2519 886 et

1455 921 1568 972 quae
1587 907 1838 971 deinceps
1863 923 1923 957 eo
1946 909 2278 972 appulerunt,
2299 910 2376 959 its
2397 918 2520 960 sunt

1457 983 1523 1031 ab
1554 983 1656 1032 iilis
1683 982 1911 1044 reflexae,
1947 992 2005 1033 nt
2041 984 2107 1033 ab
2143 985 2258 1034 aliis
2299 985 2517 1038 subinde

1455 1061 1852 1110 occursantibus
1878 1066 1990 1109 tots
2005 1061 2094 1110 ills
2112 1062 2342 1112 aetberea
2359 1071 2518 1128 atque

1456 1141 1680 1189 caelestis
1718 1141 1864 1203 regio
1901 1139 2060 1189 fuerit
2089 1139 2279 1190 exinde
2309 1142 2528 1191 concin·'

1455 1223 1596 1266 nata.
1667 1217 1876 1266 Licebit
1899 1217 1950 1266 id
1973 1215 2114 1266 forte
2138 1217 2432 1282 intelligere
2454 1232 2520 1268 ea

1457 1294 1870 1357 comparatione,
1891 1307 1992 1357 qua
2016 1293 2289 1342 Lucretius
2308 1308 2416 1343 rem
2433 1309 2520 1344 ex·

1458 1371 1644 1433 plicat,
1667 1371 1786 1419 dum
1815 1371 1866 1418 id
1885 1369 2113 1433 potuisse
2136 1367 2248 1418 fieri
2269 1369 2522 1434 ostendit,

1460 1451 1518 1494 nt
1534 1446 1739 1509 quando
1767 1459 1982 1509 vapores
2003 1452 2061 1495 et
2079 1445 2270 1496 balitus
2293 1461 2360 1496 ex
2385 1461 2521 1511 aqua

1461 1528 1702 1587 terraque
1729 1522 2064 1585 prodeuntes,
2083 1529 2138 1572 et
2159 1522 2382 1573 sublime
2398 1525 2523 1574 elati

1459 1597 1535 1647 ita
1554 1613 1754 1648 sursum
1771 1598 2141 1662 addensantur,
2153 1608 2524 1651 concrescunt·

1460 1687 1561 1737 que
1590 1674 1647 1722 in
1679 1673 1878 1735 nubila,
1914 1682 1973 1724 ut
1994 1675 2106 1724 illic
2127 1674 2221 1725 fiat
2243 1677 2387 1741 qussi
2427 1675 2526 1726 La·

1461 1763 1643 1813 quear,
1667 1749 1758 1798 snb
1784 1765 1884 1814 quo
1924 1751 2016 1800 aer
2051 1752 2138 1816 qui
2171 1759 2340 1802 restat
2373 1754 2524 1804 nobis

1461 1826 1792 1888 aspectabilis
1836 1829 2182 1878 contineatur.
2250 1830 2385 1879 Haec
2423 1845 2526 1882 vss.

1460 1905 1545 1950 21.
1584 1899 1704 1948 vide
1742 1901 1901 1950 etiam
1925 1903 2260 1953 Plutarchum
2295 1910 2344 1954 l.
2375 1911 2423 1957 4.
2458 1906 2525 1956 de

1462 1976 1652 2025 Placit.
1673 1976 1812 2026 Phil.
1850 1977 2045 2027 Creech.

1526 2056 1623 2101 451
1677 2051 1935 2115 Perplexa]
1987 2052 2264 2116 Implicata
2303 2061 2360 2105 et
2403 2067 2524 2106 con-

1462 2142 1617 2177 nexa.
1656 2128 1847 2177 Crescit.

1534 2205 1740 2254 coibant
1763 2206 1820 2254 In
1846 2206 2014 2268 medio,
2047 2211 2188 2270 utque
2217 2207 2342 2257 imas
2370 2210 2528 2272 cupis-

1466 2279 1600 2342 bant]
1637 2281 1682 2330 1.
1707 2295 1752 2330 e.
1779 2283 1987 2332 coibant
2021 2289 2078 2332 et
2111 2283 2450 2336 subsidebant
2473 2288 2528 2336 in

1466 2356 1658 2419 medio,
1702 2357 1789 2421 qui
1835 2359 1980 2408 locus
2025 2364 2107 2408 est
2149 2359 2371 2410 infimus.
2435 2361 2524 2412 Sic

1467 2431 1637 2483 autem
1703 2434 2002 2484 emendavit
2059 2433 2185 2487 Adr.
2239 2437 2529 2487 Turnebus.

1467 2509 1604 2558 Nam
1627 2511 1782 2573 vulgo
1804 2512 2016 2574 legitur,
2047 2511 2252 2573 coibunt,
2278 2513 2333 2561 In
2353 2513 2529 2562 medio-

1466 2597 1553 2648 que
1569 2585 1692 2634 imas
1712 2586 1958 2649 capiebant
1983 2588 2141 2636 omnia
2152 2590 2298 2638 sedes.
2313 2590 2388 2637 sic
2405 2588 2530 2652 Epi-

1468 2675 1654 2710 eurus:
1692 2660 1905 2711 Κᾶπειτιι
1941 2663 1996 2710 ἐκ
2031 2665 2126 2711 τῶν
2157 2662 2533 2726 ὑποκαθιζόντων
2559 2723 2564 2726 ¹

1469 2736 1692 2799 ἐγεννήθη
1713 2737 1744 2796 ἦ
1759 2740 1845 2801 γῆ,
1866 2741 1965 2788 &c.
1991 2739 2026 2786 i.
2049 2753 2098 2787 e.
2117 2740 2133 2767 ⁴
2152 2739 2361 2788 Deinde
2381 2755 2447 2788 ex
2468 2741 2530 2788 iis

1470 2815 1795 2877 corpusculis
1837 2829 1954 2878 quae
1993 2811 2354 2876 subsidelmnt,
2388 2811 2534 2864 facta

1470 2896 1552 2940 est
1584 2889 1762 2940 terra.'
1796 2889 2014 2940 Lambin.
2082 2889 2143 2937 In
2179 2890 2365 2947 medio:
2395 2891 2537 2953 imus,

1470 2969 1551 3028 ⁸50·
1619 2965 1706 3014 Sic
1751 2979 1860 3014 nos.
1902 2965 2176 3026 Marullus,
2219 2971 2360 3028 utque
2393 2965 2533 3017 imas.

1474 3041 1539 3089 In
1562 3040 1706 3089 libris
1726 3039 1860 3102 fere,
1894 3055 1982 3102 que
2007 3041 2142 3088 imos.
2205 3041 2352 3088 Male
2373 3041 2533 3090 etiam

1474 3117 1864 3179 interpunctum
1884 3116 2147 3178 vulgatis.
2209 3112 2342 3164 Vide
2375 3116 2536 3165 etiam

1476 3208 1555 3242 vs.
1585 3197 1701 3242 487.
1731 3192 1829 3240 ‘In
1863 3191 2032 3239 medio
2069 3198 2127 3238 ut
2161 3191 2408 3253 propulsa
2441 3205 2534 3240 suo

1478 3268 1744 3318 condensa
1792 3265 2014 3326 coiret3‘
2067 3269 2126 3313 et
2165 3265 2420 3330 Iudicem,
2461 3266 2538 3315 de

1478 3346 1494 3373 ‘
1516 3345 1796 3394 Versuum’
1819 3341 2004 3390 Hiatn.
2041 3340 2212 3399 Gisnn.
2437 3351 2442 3354 ·
2529 3343 2538 3351 '

1543 3425 1644 3481 454
1673 3421 1790 3469 Tam
1823 3419 1980 3480 magis
2013 3419 2304 3482 expressere]
2347 3420 2536 3484 Epicu·

1480 3513 1600 3548 rus:
1639 3496 1724 3545 Ἐκ
1755 3494 1806 3544 δὲ
1835 3497 1931 3544 τῶν
1955 3493 2373 3557 μετεωριζομένων,
2405 3496 2538 3558 οὐρα-

1480 3574 1577 3638 νὸς,
1619 3575 1725 3637 πῦρ,
1756 3571 1859 3635 ἀήρ.
1903 3572 1940 3620 i.
1977 3585 2024 3618 e.
2070 3573 2180 3620 ‘Ex
2219 3571 2539 3634 corpusculis

1482 3657 1655 3700 antem
1676 3663 1794 3714 quae
1819 3647 2036 3697 sublime
2074 3644 2400 3710 ferebantur,
2433 3645 2540 3696 fac-

1481 3731 1592 3776 tum
1635 3733 1715 3775 est
1753 3725 1958 3786 eaelum,
2001 3724 2155 3787 ignis,
2201 3723 2327 3772 αἰέν)
2392 3723 2541 3772 Idem

1483 3803 1750 3866 apertius:
1797 3797 2163 3864 περιπλεκόμενα
2209 3797 2262 3848 δὲ
2312 3799 2544 3858 &aa-hams

1484 3880 1607 3928 κατὰ
1625 3878 1714 3936 τὴν
1730 3877 2024 3942 περίκλασιν,
2038 3876 2124 3925 τὸν
2142 3868 2336 3940 οὖρανὸὶι
2357 3877 2544 3935 &yem-

1484 3971 1604 4004 σανε
1637 3955 1673 4002 i.
1692 3969 1740 4003 e.
1779 3953 2080 4017 ‘implicata
2111 3960 2286 4003 autem
2317 3951 2456 4002 inter
2488 3965 2546 4002 se

1485 4038 1540 4080 et
1580 4032 1849 4094 perplexa,
1889 4031 2074 4080 caelum
2120 4027 2394 4077 fecerunt!
2453 4031 2546 4080 Se·

1488 4107 1668 4171 quitur
1689 4104 1963 4168 deinceps:
1997 4104 2087 4162 τῆς
2105 4102 2146 4151 δ’
2163 4103 2306 4162 αἶα-ῆς
2327 4103 2547 4166 ἐχόμεναι

1488 4181 1676 4247 φύσεως
1704 4181 1752 4230 αἱ
1769 4179 1964 4242 ‘tta-omi,
1997 4178 2203 4230 ποικίλαι
2225 4177 2378 4243 οὖσαι,
2399 4172 2548 4232 nivales

1471 4334 1479 4346 ἱ
1490 4259 1681 4325 εἴρηται,
1697 4255 1811 4336 πρὸς
1824 4256 1882 4305 τὸ
1894 4254 2120 4320 μετέωρον
2137 4255 2550 4320 ἑξωθοῦμεναι,·ι“)ιν
