3200 4959
648 337 691 362 Q

612 584 819 636 sedibus
856 581 956 633 illis
990 583 1341 648 muliebribus,
1364 580 1563 634 avertit'
1586 593 1671 632 se:

612 662 763 710 minis
786 662 945 711 virilis
968 661 1147 712 ictum.
1170 662 1425 726 significat
1449 662 1501 710 id
1526 661 1665 725 quod

610 753 717 788 uno
741 738 900 787 verbo
938 739 1114 788 Graeci
1154 740 1349 800 dicunt,
1374 751 1546 788 semen
1582 737 1668 786 οὐκ

610 814 974 873 εὐθυβολεῖσθαι,
1009 815 1044 863 i.
1066 829 1115 862 e.
1136 816 1151 842 ‘
1174 829 1275 862 non
1314 822 1459 863 recta
1496 815 1577 861 via
1613 814 1666 860 in

610 889 888 953 locajaci.’
922 890 997 940 sic
1020 889 1133 940 fere
1169 891 1317 952 Virg.
1357 891 1561 939 locutus
1584 893 1670 936 est

613 965 807 1028 Geor-g.
842 969 890 1015 3.
911 969 1023 1015 135.
1044 965 1131 1014 ubi
1172 965 1237 1014 de
1271 966 1417 1029 equis
1455 964 1666 1014 scribit:

611 1046 628 1073 ‘
654 1044 773 1092 Hoc
810 1043 1022 1106 faciunt,
1058 1044 1214 1092 nimio
1254 1057 1318 1092 ne
1354 1045 1479 1091 luxu
1517 1043 1670 1090 obtu-

614 1119 720 1168 sior
742 1133 863 1170 usus
894 1120 977 1178 Sit
1016 1119 1227 1182 genitali
1250 1133 1393 1180 arvo,
1418 1123 1474 1166 et
1502 1118 1671 1166 sulcos

612 1196 829 1245 oblimet
856 1195 1109 1246 inerteis.'
1175 1196 1259 1244 Sic
1295 1202 1466 1244 autem
1502 1192 1672 1241 Arno·

614 1271 731 1321 bins
771 1280 972 1334 partem
1004 1272 1146 1320 iliam
1182 1270 1406 1319 faeminae
1439 1269 1674 1318 inhones-

616 1353 742 1410 tam,
780 1354 836 1396 et
874 1345 1051 1395 arvum
1097 1346 1342 1409 genitale,
1366 1346 1383 1374 6
1400 1345 1633 1394 scrobem
1653 1341 1670 1366 ’

611 1423 845 1486 appellat
865 1423 950 1474 lib.
972 1428 1021 1473 4.
1076 1424 1093 1450 6
1116 1422 1355 1471 Etiamne
1384 1419 1676 1481 Pertunda,

613 1513 730 1565 quoe
758 1499 813 1547 in
846 1499 1095 1548 cubiculis
1116 1503 1410 1559 presto·est
1451 1497 1680 1558 virgina-
1733 1493 1845 1553 fan.

613 1573 716 1621 lem
744 1573 977 1622 scrobem
1009 1571 1375 1622 effodientibus
1412 1572 1612 1620 maritis
1631 1569 1670 1618 ?'

612 1649 703 1697 Sic
724 1649 1009 1712 Sophocles
1048 1649 1101 1697 in
1138 1646 1258 1698 OEd.
1275 1648 1401 1711 Tyr.
1422 1647 1670 1709 OEdipnm

612 1723 783 1786 ipsum
806 1723 872 1772 de
894 1737 957 1772 se·
972 1724 1265 1788 loquentem
1294 1722 1441 1784 facit,
1476 1721 1566 1778 τὴν
1591 1736 1681 1769 τε·-

612 1799 789 1848 κυῧσαν
816 1797 1159 1862 ἤροσεν,Ὄθεν
1185 1817 1273 1861 περ
1306 1797 1445 1847 αὐτὸς
1474 1797 1674 1862 metm,

615 1875 652 1924 i.
688 1889 736 1924 e.
766 1878 1023 1925 ‘matrem
1064 1890 1205 1924 suam
1248 1875 1431 1936 aravit,
1470 1888 1674 1937 exona

613 1951 729 2014 ipse
751 1958 894 2002 satus
910 1952 1027 2002 est.'
1044 1952 1117 2001 sic
1140 1953 1356 2001 Plautus
1375 1950 1579 2000 Asinar.
1605 1949 1674 1999 de

612 2029 835 2091 quodam
903 2029 1095 2078 marito
1152 2029 1241 2093 qui
1306 2027 1670 2077 scortabaturz

611 2103 629 2133 6
652 2103 886 2154 Fundam
908 2105 1131 2156 alienum
1165 2110 1297 2164 arat,
1317 2103 1563 2152 incultum
1597 2100 1674 2150 fa-

613 2176 864 2227 miliarem
910 2177 1151 2227 deserit.’'
1203 2179 1398 2226 Eodem
1444 2177 1692 2238 pertinet·

612 2251 911 2301 facetissimi
936 2253 1104 2316 poetoe
1128 2253 1383 2312 Martialis
1406 2251 1675 2315 Epigram-

614 2341 723 2378 ma:
774 2327 912 2392 quod
956 2343 1018 2376 eo
1056 2327 1301 2376 libentius
1339 2329 1441 2374 huc
1480 2326 1678 2376 adscri-

615 2404 753 2464 bam,
774 2402 911 2467 quod
934 2417 1035 2452 uon
1058 2405 1319 2467 reperitur
1333 2405 1384 2451 in
1399 2403 1545 2451 libris
1568 2404 1684 2451 vul:

617 2481 789 2542 gatis:
824 2493 923 2544 ego
952 2486 1124 2529 autem
1161 2481 1213 2528 in
1250 2479 1559 2529 membranis
1590 2493 1676 2528 ca·

614 2556 753 2604 lamo
783 2555 1027 2618 exaratis,
1058 2570 1173 2604 cum
1214 2555 1266 2603 in
1304 2554 1457 2604 Italia
1490 2569 1677 2615 essem,

614 2636 881 2694 repertum
898 2631 953 2680 in
971 2645 1085 2679 meo
1102 2631 1281 2680 codice
1297 2631 1436 2694 typis
1460 2631 1676 2693 impres-

616 2715 693 2766 so,
716 2719 807 2754 sno
840 2705 974 2769 loco,
1012 2707 1046 2754 i.
1072 2717 1121 2754 e.
1147 2705 1233 2756 iib.
1267 2711 1317 2754 7.
1350 2705 1579 2768 reposui,
1613 2719 1674 2754 ac

615 2781 852 2832 restitui:
876 2794 1186 2846 quamquam
1205 2797 1311 2831 non
1323 2781 1676 2843 dissimulabo,

616 2855 682 2906 ab
704 2856 805 2905 alio
830 2857 1070 2919 quodam,
1094 2871 1263 2920 eoque
1286 2857 1440 2905 docto
1460 2857 1588 2918 viro,
1607 2871 1674 2904 ex

615 2929 715 2978 alio
758 2930 885 2978 item
930 2933 1213 2992 exemplari
1258 2945 1513 2980 manuscr.
1558 2945 1675 2992 pro-

614 3009 843 3053 tractum
864 3017 927 3053 ac
951 3006 1205 3069 prolatum
1228 3021 1359 3055 esse.
1408 3005 1676 3068 sicigitur

616 3079 781 3129 Mart.
802 3084 853 3130 7.
875 3085 987 3131 102.
1052 3083 1068 3109 6
1098 3081 1229 3130 Milo
1264 3081 1403 3130 domi
1435 3095 1538 3130 non
1562 3086 1674 3128 est·

616 3171 841 3221 peregre
882 3165 939 3208 at
980 3160 1185 3208 Milone
1228 3159 1489 3224 profecte,
1529 3157 1675 3207 Arva

613 3240 837 3284 vacantz
872 3251 1001 3286 uxor
1033 3250 1137 3286 non
1175 3237 1341 3285 minus
1374 3235 1495 3284 inde
1519 3233 1672 3298 parit.

616 3307 725 3357 Cur
744 3309 813 3358 sit
833 3323 958 3371 ager
979 3311 1190 3372 sterilis,
1213 3325 1305 3360 cur
1327 3324 1455 3360 uxor
1471 3308 1676 3368 fertilis,

616 3382 813 3433 edam.-
854 3383 1259 3448 Quo-fodiatur,
1286 3400 1411 3449 ager
1448 3399 1552 3433 non
1583 3385 1674 3432 ha-

614 3459 737 3511 bet:
784 3474 915 3510 uxor
951 3461 1145 3512 babet?
1206 3463 1323 3513 Jam
1358 3464 1373 3490 ‘
1394 3461 1554 3512 eicit’
1599 3460 1675 3510 di-

616 3535 867 3600 syllabum
891 3542 991 3599 est,
1008 3543 1065 3585 ut
1099 3543 1221 3587 ante
1241 3537 1481 3592 diximus.
1532 3536 1677 3586 Prae-

616 3615 765 3661 terea
798 3625 903 3659 non
936 3617 1037 3672 est,
1056 3611 1195 3675 quod
1225 3609 1541 3676 quemquam·
1566 3627 1674 3661 mo·

612 3692 739 3735 veat
770 3685 932 3734 tertia
966 3686 1160 3750 syllaba
1184 3687 1325 3735 vocis
1346 3689 1362 3714 6
1381 3687 1674 3749 vomerem,'

613 3760 667 3810 in
692 3776 795 3824 qua
816 3777 863 3810 m
885 3775 987 3810 non
1010 3761 1240 3810 eliditur.
1276 3763 1372 3810 hoc
1407 3762 1539 3811 enim
1571 3777 1673 3812 uon

613 3833 915 3885 inusitatum
935 3835 1095 3886 fuisse
1112 3837 1393 3899 veteribuS,
1415 3837 1570 3887 etiam
1588 3853 1672 3886 su·

614 3925 711 3974 pra
748 3911 1029 3962 docuimus.
1095 3911 1247 3961 Hanc
1282 3912 1435 3976 hujus
1459 3913 1559 3962 loci
1593 3928 1672 3962 re-

615 3987 939 4036 stitutionem
968 3987 1211 4036 Turnebo
1233 3987 1343 4035 viro
1373 3987 1670 4038 doctissimo

612 4065 674 4108 ‘et
686 4061 1048 4111 humanissimo
1062 4077 1178 4111 cum
1192 4062 1672 4129 ostendissem,pro-

614 4133 761 4185 bavit
782 4135 869 4184 ille
903 4137 1143 4201 quidem:
1180 4138 1271 4186 sed
1310 4151 1425 4187 cum
1448 4140 1669 4204 videret,

617 4211 671 4259 in
711 4210 1129 4260 omnibus'libris
1166 4227 1423 4266 manuscr.
1446 4216 1549 4280 legi
1576 4217 1670 4268 Vo-

614 4287 775 4350 πενία,
800 4285 1075 4337 videndum
1119 4300 1230 4339 esse
1261 4289 1413 4355 dixit,
1434 4293 1667 4356 possitne

1254 473 1261 482 -
1314 440 1532 492 No‘rAE
1576 437 1975 492 vAmoRuM
2027 443 2106 492 m
2205 466 2215 478 ·

1737 591 1892 634 vetus
1937 585 2218 646 scriptura,
2255 583 2398 632 nulla
2439 579 2815 634 immutatione'

1739 659 1898 722 facta,
1921 661 2152 709 retineri.
2216 659 2406 722 Itaque
2429 673 2484 707 re
2505 661 2802 723 aliquantis-

1741 751 1834 800 per
1868 737 2218 798 considerata,
2240 736 2372 785 dixit
2412 736 2536 784 mihi
2575 736 2802 785 fortasse

1741 820 1946 861 servata
1969 827 2097 861 voce
2127 813 2340 862 Vomert’s
2371 812 2508 862 hunc
2532 813 2702 861 locum
2723 813 2802 861 ita

1738 888 1840 949 legi
1863 896 1918 936 et
1935 889 2184 952 explicari
2204 903 2356 952 posse
2379 905 2392 938 z
2417 891 2434 920 6
2452 889 2592 938 Eicit
2607 889 2622 912 '
2641 883 2798 953 enim,

1741 965 2002 1014 subinteli.
2053 965 2326 1026 Venerem,
2363 965 2447 1013 vel
2487 965 2702 1014 seminis·
2727 966 2810 1014 ic-·

1744 1047 1870 1100 tum,
1891 1047 2036 1089 recta
2057 1040 2192 1089 sulci·
2221 1042 2448 1103 regione,
2463 1047 2519 1088 et
2545 1047 2689 1089 reeta
2711 1039 2807 1090 via*

1743 1112 1982 1164 vomeris.
2013 1117 2086 1164 sic
2107 1115 2317 1180 quidem
2342 1117 2420 1164 vir
2437 1117 2530 1164 iile
2563 1115 2804 1165 doctissi-

1744 1204 1889 1239 mus:
1923 1190 2014 1240 sed
2046 1191 2064 1218 6
2084 1197 2227 1239 recta
2267 1191 2347 1240 via
2387 1191 2639 1254 vomeris'
2677 1191 2802 1254 quid

1743 1265 1840 1315 sibi
1885 1267 2032 1328 velit,
2074 1281 2176 1315 non
2219 1273 2300 1315 est
2341 1266 2492 1316 facile
2535 1267 2800 1329 expedire.

1745 1341 1913 1391 Lamb.
1990 1342 2251 1390 Praeclare
2297 1342 2606 1392 Lambinus:
2663 1343 2802 1407 quod

1747 1423 1802 1466 et
1820 1418 2010 1467 nostris
2035 1423 2136 1468 vet.
2158 1417 2301 1466 libris
2323 1417 2677 1468 confirmatur.
2713 1419 2806 1468 G&

1911 1494 1986 1542 At
2009 1508 2132 1543 vero
2153 1494 2276 1558 quid
2309 1494 2613 1558 simplicius,
2633 1509 2806 1562 quam,

1745 1581 1948 1623 servata
1981 1575 2111 1624 Mas.
2144 1575 2267 1635 fide,
2287 1577 2465 1624 sulcam·
2501 1576 2700 1624 vomeris
2718 1590 2812 1626 ca··

1747 1664 1870 1713 pere
1895 1649 1961 1698 de
1996 1649 2112 1712 ipsa
2133 1650 2384 1713 aratione,
2407 1656 2462 1699 et
2484 1652 2626 1700 sulco
2650 1659 2812 1716 quem‘

1746 1738 1926 1772 vomer
1963 1723 2157 1772 arando
2200 1723 2360 1774 facit?
2405 1725 2624 1775 Lascivo
2663 1727 2804 1776 enim

1746 1813 1938 1868 venere
1973 1799 2184 1862 ejicitur
2213 1799 2407 1865 (inquit
2441 1801 2618 1866 poeta)
2656 1811 2805 1853 recta

1747 1889 1840 1922 sua
1863 1875 1945 1924 via
1981 1881 2136 1940 atque
2167 1877 2395 1939 regione,
2414 1883 2470 1926 et
2501 1877 2576 1926 ita
2599 1877 2807 1927 exorbi-

1748 1957 1863 2000 tans
1885 1965 2059 2000 semen
2081 1952 2357 2016 disperdit.
2424 1954 2558 2002 Hav.

1764 2049 1772 2058 ·
1813 2029 1942 2075 1266
1974 2027 2181 2077 Seminis
2197 2028 2364 2091 ictum]
2401 2029 2566 2092 Lego,
2600 2029 2809 2080 Seminis

1735 2102 1939 2162 jactum.
2004 2105 2237 2154 Primum
2291 2119 2552 2170 nunquam
2605 2106 2806 2156 dictum

1749 2186 1851 2240 est,
1871 2179 2013 2228 icere
2035 2194 2228 2243 semen,
2249 2181 2342 2230 sed
2364 2183 2574 2244 jacere:
2611 2181 2805 2232 deinde

1750 2254 2051 2316 metaphora
2072 2255 2140 2304 ab
2163 2269 2287 2318 agro
2309 2256 2529 2320 colendo
2553 2263 2607 2305 et
2626 2271 2808 2307 seren-

1751 2330 1819 2379 do
1857 2331 2019 2380 ducta
2056 2337 2151 2394 est,
2172 2333 2250 2382 uti
2286 2333 2495 2396 probat,
2527 2342 2632 2382 tum
2674 2334 2805 2384 'illud

1752 2407 1767 2434 6
1793 2407 1958 2468 sulci,'
2009 2415 2118 2456 tum
2152 2409 2170 2436 ‘
2191 2423 2450 2458 vomerem
2468 2410 2502 2472 3'
2557 2416 2612 2458 et
2663 2411 2818 2473 aubis

1749 2481 1768 2508 ‘
1799 2483 2074 2532 muliebria
2095 2492 2333 2535 conserat
2359 2485 2518 2535 arva!
2537 2492 2594 2534 et
2617 2485 2806 2536 Graecc

1751 2557 1824 2604 ἐπ’
1870 2557 2018 2621 ἀρότῳ
2068 2560 2252 2610 παίδων.
2293 2567 2348 2610 et
2392 2563 2493 2611 alia
2537 2570 2804 2612 sexcenta.

1750 2633 1910 2682 Faber
1929 2635 1980 2682 in
2003 2636 2204 2686 Emend.
2229 2644 2284 2686 et
2310 2638 2526 2688 (ἔτεσι-ὴ»
2711 2659 2720 2664 ·
2811 2646 2820 2660 ·

1817 2711 1943 2756 1267·
1976 2710 2126 2772 quue
2161 2719 2248 2760 sua
2280 2712 2444 2774 causa]
2477 2711 2698 2763 Quidam
2719 2709 2805 2761 M—

1751 2799 1836 2846 que
1859 2785 2056 2834 dictum
2090 2794 2279 2850 putant
2316 2803 2430 2851 pro·
2449 2789 2689 2854 ideoque,
2711 2803 2806 2839 seu

1751 2862 1820 2911 ob
1857 2862 2030 2926 idque.
2097 2867 2219 2915 Duo
2257 2867 2374 2916 libri
2415 2863 2674 2918 manuscr.
2705 2865 2806 2919 hoe

1752 2943 1916 2986 totum
1939 2939 2088 3003 quue
2125 2941 2318 2990 habent
2350 2943 2634 2991 demersum
2668 2943 2721 2992 in
2745 2941 2806 2990 li·

1750 3019 1886 3073 tura,
1911 3021 1967 3062 ut
2001 3014 2222 3064 fortasse
2255 3017 2526 3080 legendum
2559 3017 2627 3066 sit
2647 3017 2820 3080 Eques

1751 3100 1845 3148 pro
1889 3088 2074 3152 Itaque.
2121 3087 2285 3142 codex
2319 3092 2604 3142 Vaticanus
2645 3092 2806 3142 habet

1749 3161 1964 3226 Ipsaque.
2036 3165 2175 3217 Quid
2230 3167 2274 3216 si
2329 3169 2578 3231 legamus,
2623 3165 2808 3232 leque?

1749 3237 1872 3299 quid
1897 3237 1956 3301 si,
1977 3238 2174 3304 Atque?
2236 3241 2418 3291 Lamb.
2621 3265 2628 3272 ·
2813 3253 2822 3266 ¹

1815 3315 1944 3362 1268
1977 3315 2058 3364 Ne
2094 3317 2450 3380 complerentur,
2491 3317 2597 3380 ξω]
2643 3318 2817 3382 Lego,

1747 3387 1924 3451 haeque
1953 3391 2058 3454 ipsa
2077 3405 2238 3455 eausa,
2257 3393 2334 3441 ita
2357 3392 2491 3440 enim
2523 3392 2656 3442 ratio
2675 3417 2679 3422 -
2695 3407 2808 3455 pos-

1749 3463 1897 3514 tulat.
1919 3470 1974 3513 et
1995 3479 2118 3514 sane
2141 3465 2218 3514 ita
2244 3465 2366 3516 alibi
2390 3467 2594 3516 locutus
2615 3467 2805 3516 Lucre-

1749 3537 1850 3586 tius
1880 3546 1962 3589 est
1992 3541 2046 3588 in
2079 3555 2127 3590 v.
2147 3545 2262 3592 569.
2326 3543 2343 3570 6
2361 3540 2464 3590 Illa
2495 3541 2608 3604 ipsa
2645 3541 2820 3593 inter-¹

1747 3613 1886 3662 valla
1905 3615 2033 3663 nibil
2051 3614 2118 3664 de
2143 3629 2362 3679 corpore
2390 3615 2570 3666 libant.
2572 3615 2587 3638 '
2650 3615 2820 3666 Adde·

1745 3690 1880 3752 quod
1903 3691 1956 3740 in
1989 3691 2118 3742 Mss.
2155 3692 2317 3742 Codd.
2348 3693 2553 3756 legitur,
2576 3694 2688 3756 Ipso
2715 3705 2822 3742 sua·

1745 3777 1884 3812 causa
1905 3771 2189 3816 consuerunt
2208 3773 2367 3818 scorta
2387 3767 2580 3820 movet-l.
2635 3768 2806 3860 Faba-r

1746 3838 1801 3887 in
1821 3839 2038 3891 Emend.
2813 3853 2820 3860 ·

1766 3917 1894 3965 Ne
1940 3921 2296 3982 complerentur,
2346 3920 2452 3984 εμπ]
2514 3873 2802 3984 Disciplina

1747 3993 1882 4039 enim
1897 3997 2003 4040 'est
2023 3993 2231 4057 scortis,
2251 4009 2438 4045 curare
2475 4009 2540 4044 ne
2573 3993 2824 4058 gravida·

1744 4063 1898 4115 fiant:
1934 4073 2112 4130 partus
2137 4070 2273 4119 enim
2292 4070 2359 4119 de
2380 4071 2611 4120 mulieris
2633 4067 2800 4119 ferina

1744 4141 1960 4192 multum
1982 4142 2225 4194 detrahit.
2276 4145 2434 4196 Adde
2451 4145 2589 4211 quod
2605 4159 2706 4195 non
2727 4143 2802 4194 fa-

1745 4216 1846 4265 cile
1884 4218 2172 4281 completur
2214 4218 2438 4280 faemina,
2467 4221 2566 4271 nisi
2607 4233 2664 4269 se
2711 4220 2800 4269 uni

1744 4290 2022 4356 dediderit,
2053 4293 2188 4357 quod
2209 4293 2292 4345 est
2312 4295 2535 4347 alienum
2558 4309 2590 4345 a
2611 4309 2671 4345 re
2691 4297 2824 4345 me·‘
