3200 4959
588 424 765 503 1722

592 589 815 647 Quidam
840 600 1009 643 tamen
1038 592 1179 643 ‘hunc
1221 591 1451 644 Lucretii
1478 594 1652 643 locum

591 672 671 721 sie
708 671 1020 733 explicant:
1066 682 1289 733 namque
1334 682 1492 733 super
1534 680 1652 717 suos

590 747 998 809 consanguineos
1035 745 1197 809 (rogis
1220 744 1419 793 scilicet
1443 744 1654 807 imposi-

591 819 699 886 tos)
723 822 963 871 locabant
997 821 1013 848 ‘
1032 820 1199 870 aliena
1222 818 1499 884 ro'gorum,'
1546 819 1579 868 i.
1604 829 1652 867 e.

592 910 679 947 res
703 911 734 946 a
757 897 891 959 rogis
915 896 1131 958 alienas,
1168 896 1203 945 i.
1223 910 1271 945 e.
1307 909 1423 960 quse
1456 908 1555 943 non
1577 910 1655 943 so·

590 973 703 1022 ient
741 973 793 1021 in
833 986 1012 1035 rogum
1056 972 1264 1036 conjici.
1300 986 1397 1035 ego
1429 971 1654 1035 priorem

590 1046 993 1111 explicationem
1016 1045 1180 1110 magis
1200 1046 1382 1109 probo,
1406 1046 1525 1109 quia
1538 1056 1654 1094 cum

592 1122 767 1171 verbis
790 1126 845 1170 et
866 1123 1127 1172 sententia
1154 1120 1475 1184 Thucydidis
1496 1122 1656 1183 magis

591 1198 716 1247 mihi
732 1212 1016 1260 congruere
1036 1193 1262 1246 videtur.
1294 1196 1461 1244 Lamb.

660 1276 878 1337 Namque
933 1288 1040 1323 suos
1086 1272 1450 1333 emanguineos
1500 1272 1658 1320 alieno

592 1360 815 1414 rogorum
848 1350 1051 1414 Insuper
1084 1354 1329 1399 υκαι-ηοω
1356 1348 1545 1411 ingenti
1562 1350 1657 1397 cla-

593 1440 723 1475 more
764 1426 1003 1490 locabant]
1056 1426 1104 1476 1.
1146 1442 1194 1476 e.
1228 1440 1341 1474 cum
1378 1423 1658 1475 familiaria

594 1501 854 1563 sepulcra,
896 1515 990 1549 seu
1036 1500 1206 1563 busta,
1247 1514 1349 1549 non
1378 1496 1658 1563 habebant,

593 1588 816 1639 corpora
858 1588 1068 1625 suorum
1106 1575 1443 1638 imponebant
1476 1576 1658 1624 alienis

594 1654 752 1717 rogis.
780 1654 799 1681 ⁴
822 1654 1107 1703 Exstrneta
1130 1652 1406 1716 rogorum,’
1449 1654 1483 1701 i.
1502 1668 1549 1701 e.
1576 1667 1658 1702 ro—

594 1730 670 1793 gi,
699 1737 757 1780 ut
779 1731 903 1779 alibi
922 1747 936 1790 ς
957 1731 1138 1795 itaque
1166 1731 1182 1757 ⁶
1205 1732 1373 1779 aliena
1393 1738 1660 1780 exstructa

593 1804 875 1871 rogorum,’
915 1812 1070 1856 erunt
1102 1806 1479 1855 exstructiones
1509 1821 1659 1869 rogo-

592 1892 709 1931 rum
760 1884 1062 1933 alienorum.
1128 1882 1232 1931 Sed
1273 1882 1333 1930 τὸ
1380 1880 1658 1946 ‘insuper’

594 1970 694 2023 pro
716 1959 939 2022 simplici
980 1974 1171 2023 snper3
1214 1958 1350 2023 quod
1388 1959 1499 2007 aliis
1533 1974 1659 2023 quo-

594 2050 699 2101 que
722 2036 1173 2100 praepositionibus
1196 2035 1385 2085 evenit.
1423 2035 1595 2084 Faber.

605 2136 615 2141 ·
666 2116 795 2162 128³
829 2110 1355 2175 Subdehnntquefaces]
1406 2111 1660 2175 Subjicie—

594 2188 727 2239 bant
761 2187 928 2237 faceis
963 2188 1119 2251 rogis.
1160 2187 1400 2251 Thucyd.
1428 2188 1662 2249 ὑφῆπτον.

666 2342 795 2388 1284
853 2338 1009 2394 Quam
1060 2352 1256 2401 corpora
1316 2340 1665 2405 desererentur]

602 2410 828 2465 Quidam
849 2412 1129 2476 legendum
1154 2422 1390 2475 censent,
1432 2416 1589 2470 Quam
1609 2420 1665 2464 ut

598 2501 815 2555 corpora-
834 2488 1174 2538 desererentur.
1224 2487 1407 2537 hamb.
1448 2495 1505 2537 et
1536 2490 1665 2539 Fab-

602 2568 836 2617 Ventum
878 2573 959 2615 est
992 2577 1247 2629 supremae
1270 2568 1577 2631 praescripta
1598 2567 1663 2617 ad

606 2642 833 2692 eandida
853 2642 1030 2704 calcis,
1073 2642 1144 2690 mi
1172 2643 1378 2704 Lector,
1416 2649 1473 2691 et
1496 2644 1665 2692 Notu-

606 2718 697 2767 las
710 2724 913 2767 nostras
928 2716 1238 2767 absolvimus
1255 2733 1271 2777 3
1295 2718 1479 2782 quibus
1495 2725 1669 2767 tamen

604 2795 947 2859 pauxillulum
970 2793 1095 2857 quid
1115 2792 1309 2842 addere
1326 2795 1481 2843 etiam
1502 2794 1668 2843 visum

602 2876 703 2933 est,
724 2870 863 2935 quod
886 2869 983 2919 tibi
1008 2882 1107 2917 non
1129 2870 1391 2931 ingratum
1416 2867 1529 2918 fore
1546 2882 1666 2932 spe·

601 2956 795 2997 ramus.
863 2945 1292 3007 Emendaitaque
1320 2945 1587 2993 Manilium
1613 2944 1668 2993 in

604 3030 840 3072 extremo
856 3034 897 3071 1.
917 3020 1007 3069 lib.
1022 3020 1109 3069 ubi
1130 3019 1195 3067 de
1216 3021 1310 3068 liae
1335 3020 1482 3069 clade
1501 3021 1667 3083 loqui·

600 3091 691 3149 tm·
708 3114 722 3147 ι
740 3090 757 3125 ‘⁸
782 3088 967 3149 Qualis
992 3096 1307 3145 Erechtheus
1324 3097 1485 3159 pestis
1506 3110 1668 3159 popu·

601 3167 713 3225 lata
735 3174 943 3224 colonos
978 3166 1180 3223 Extulit
1205 3172 1446 3237 antiquas
1472 3187 1566 3235 per
1586 3171 1667 3221 fu-

590 3259 729 3298 nera
753 3249 895 3312 pacis
929 3246 1197 3296 Athenas.’
1252 3248 1460 3297 Caetera
1482 3250 1668 3298 omitto

606 3340 723 3390 quie
745 3338 811 3373 ex
838 3324 1081 3372 Lucretio
1112 3322 1417 3373 adumbrata
1439 3333 1579 3385 sunt,
1614 3324 1665 3373 id

606 3398 745 3463 quod
778 3398 999 3447 studiosi
1032 3397 1188 3447 facile
1226 3398 1537 3459 advertent3
1575 3400 1668 3449 sed

606 3476 661 3525 in
686 3474 911 3524 secundo
954 3488 1106 3521 versu
1139 3475 1397 3525 neminem
1435 3476 1538 3524 vidi
1580 3476 1668 3541 qui

606 3549 929 3611 intelligeret
960 3548 1051 3596 illa
1068 3548 1247 3607 funera
1266 3551 1415 3611 pacis.
1482 3551 1669 3616 Neque

605 3634 731 3671 vero
774 3624 973 3672 mirum.
1060 3623 1145 3671 Sic
1192 3624 1371 3686 itaque
1420 3625 1669 3688 legendus

607 3706 829 3760 uterque
870 3706 981 3745 est:
1032 3699 1201 3753 Qualis
1232 3699 1517 3750 Erechtheus
1559 3704 1671 3752 olim

601 3774 829 3839 populata
868 3774 1052 3821 colonos
1098 3774 1290 3823 Extulit
1324 3777 1544 3840 antiquas
1583 3792 1673 3841 per

500 3844 510 3849 “
592 3852 774 3912 fiunem
799 3850 949 3912 pestis
976 3849 1202 3899 Athenas.
1268 3851 1371 3900 Sed
1394 3852 1547 3915 juvat
1580 3866 1670 3903 ex*

603 3939 839 3985 currere,
868 3936 1033 3987 neque
1063 3924 1215 3987 banc,
1252 3931 1307 3973 et
1330 3940 1504 3989 spero,
1528 3929 1670 3977 veni·

610 4013 692 4050 am
715 4000 1016 4063 denegabis.
1081 4001 1167 4048 Sic
1212 4001 1393 4050 scribit
1430 4001 1669 4053 Gifanins

607 4078 663 4125 in
681 4076 698 4103 ‘
715 4076 887 4124 Pestis
908 4075 944 4123 :'
978 4077 995 4105 ‘
1012 4076 1115 4127 Qui
1152 4076 1247 4145 bac
1272 4090 1396 4125 voce
1422 4091 1516 4140 pro
1538 4092 1670 4128 mor-

606 4152 697 4212 bo,
718 4161 867 4213 quem
886 4158 1089 4199 veteres
1110 4157 1409 4199 constanter
1425 4154 1673 4214 pestilen-

618 4222 745 4277 tiam
768 4232 977 4286 vocant,
1006 4232 1245 4289 utuntur,
1284 4226 1674 4280 barban-issam?

1288 448 1515 501 ”NO'I'AE
1562 448 1963 501 vAmoRuM
2013 448 2092 501 m
2151 482 2159 487 -
2225 476 2233 487 ·

1725 588 2029 643 Edictiones
2048 606 2169 643 vero
2186 586 2446 643 basilicas!
2473 592 2640 643 Hem!
2669 588 2796 642 b‘ar-

1726 669 1985 719 barissant
2027 670 2114 734 qui
2156 668 2408 733 ‘pestem’
2453 684 2547 733 pro
2587 670 2804 733 ‘pestis

1727 745 1905 794 lentia'
1944 751 2210 809 usurpant.
2288 746 2438 795 Bene
2481 753 2634 795 sane:
2676 746 2800 809 Jam

1727 821 1992 869 Manilium
2028 822 2332 871 barbarismi
2351 821 2678 871 manifestum
2700 822 2801 871 ba·-

1729 894 1936 957 bemus3
1974 896 2064 943 sed
2103 895 2324 946 fortasse
2355 899 2604 946 saeculum
2625 898 2798 946 Theo-

1727 970 1992 1019 dosianum
2015 986 2048 1019 a
2071 972 2298 1034 puritate
2337 972 2507 1021 Latini
2542 972 2802 1022 sermonis

1728 1046 1930 1109 longius
1953 1046 2158 1109 aberat,
2195 1061 2348 1112 quam
2372 1056 2432 1097 ut
2452 1048 2573 1097 inde
2608 1055 2798 1099 aneto·

1728 1123 1855 1172 ritas
1899 1124 2008 1185 peti
2057 1124 2266 1173 debeat.
2334 1126 2462 1173 Esto
2507 1138 2650 1175 sane.
2725 1124 2804 1174 At

1729 1197 1966 1249 Justinus
1989 1206 2164 1247 tamen
2187 1200 2403 1248 Manilio
2435 1201 2722 1265 antiquior,
2746 1200 2800 1248 in

1731 1280 1897 1329 morte
1938 1273 2240 1337 Agathoclis
2279 1275 2620 1326 describenda
2638 1276 2808 1340 (jube

1731 1346 1902 1397 afferri
1923 1347 2136 1414 librum)
2153 1350 2228 1399 ita
2243 1365 2449 1415 quoque
2467 1351 2674 1399 locutus
2693 1358 2805 1401 est,

1731 1424 1927 1473 Verum
1973 1425 2130 1474 alium
2167 1433 2436 1475 auctorem
2479 1428 2643 1489 magis
2685 1426 2807 1476 ido-

1729 1513 1882 1548 neum
1910 1500 2179 1563 postulent
2196 1500 2499 1563 >Gifaniani3
2531 1503 2658 1551 satis
2693 1503 2802 1565 igi·

1733 1580 1820 1622 tur
1841 1576 1945 1623 erit
1965 1574 2247 1623 Horatius!
2273 1582 2524 1625 annuunt.
2589 1576 2678 1625 Sic
2705 1577 2812 1625 ita-

1733 1662 1834 1713 que
1873 1649 1962 1697 ille
1990 1648 2096 1698 Od.
2135 1654 2182 1697 1.
2205 1654 2285 1699 21.
2308 1652 2391 1697 13.
2425 1650 2444 1677 ‘
2465 1649 2566 1699 Hic
2599 1650 2816 1700 belinus

1733 1726 2094 1788 lacrymosum,
2146 1725 2234 1775 hic
2302 1725 2542 1775 miseram
2595 1724 2804 1777 famem

1734 1802 2071 1865 Pestemque,
2091 1816 2120 1850 a
2142 1803 2336 1865 populo
2353 1809 2414 1851 et
2431 1803 2666 1866 principe
2685 1804 2815 1853 Ca·

1733 1890 1850 1927 aare
1871 1878 1924 1925 in
1959 1878 2149 1926 Pet-sas
2173 1885 2330 1942 atque
2358 1878 2636 1927 Britannos
2661 1878 2814 1927 Ves-

1736 1960 1821 2003 tra
1861 1960 2032 2002 motus
2076 1960 2198 2015 aget
2239 1951 2435 2015 prece.'
2501 1952 2608 2002 Hic
2650 1958 2813 2001 certe

1737 2030 1896 2092 pestis
1937 2036 2042 2078 tam
2079 2028 2379 2091 pestilentia
2418 2035 2518 2089 est,
2549 2042 2704 2093 qnam
2729 2028 2818 2077 fa-

1735 2116 1842 2155 mes
1877 2106 2038 2156 fames
2077 2117 2174 2169 est,
2209 2109 2410 2171 opinor,
2431 2122 2600 2171 neque
2623 2112 2818 2157 tamen

1737 2181 2057 2231 barbarissat
2074 2182 2346 2242 Horatius,
2365 2182 2407 2230 si
2427 2182 2572 2230 nobis
2593 2182 2670 2230 ita
2683 2196 2820 2231 sen·

1739 2260 1840 2309 tire
1882 2275 1978 2323 per
2013 2258 2276 2309 Gifanium
2314 2259 2512 2308 licebit.
2575 2260 2648 2309 Et
2683 2259 2818 2309 haec

1739 2335 1949 2398 quidem
1983 2336 2048 2385 ad
2081 2336 2432 2385 calamitatem
2463 2334 2622 2396 illam,
2645 2348 2816 2397 qnam

1739 2410 1838 2459 sibi
1893 2410 2286 2459 describendam
2340 2409 2570 2472 suscepit
2609 2410 2821 2459 Lucre·

1740 2484 1841 2534 tius
1862 2485 2128 2549 pertinere
2165 2485 2508 2545 videbuntur;
2534 2483 2646 2546 sed,
2683 2496 2823 2547 ηοω

1731 2560 1840 2623 jam
1886 2554 2072 2621 dicam,
2117 2559 2184 2608 ad
2220 2558 2504 2622 Cecropios
2534 2572 2624 2607 seu
2660 2557 2820 2607 Atu-

1741 2648 1831 2685 cos
1853 2642 2076 2685 tantum.
2141 2635 2425 2697 Videlicet,-
2457 2648 2522 2684 ne
2560 2635 2824 2684 emenda-

1741 2712 1814 2761 tio
1852 2719 2051 2776 pereat,
2095 2710 2382 2761 adscribam
2429 2710 2566 2775 quod
2603 2724 2702 2775 ego
2749 2710 2816 2759 in

1739 2787 1964 2850 epistola
1981 2786 2203 2851 quadam
2235 2786 2300 2835 ad
2335 2786 2630 2836 Gnidonem
2655 2786 2822 2835 Paria·

1739 2875 1862 2910 num
1878 2861 2060 2910 Virum
2087 2849 2458 2923 Clarissimum,
2491 2868 2550 2911 et
2583 2860 2818 2924 Regium

1741 2940 2022 2991 Medicinae
2055 2938 2412 2990 Professorem
2446 2950 2616 3004 nuper
2639 2940 2822 3004 scrip-

1741 3017 1802 3065 si.
1867 3014 2024 3079 Apud
2043 3016 2362 3079 Hesychium
2384 3016 2498 3066 h'aec
2519 3018 2779 3081 leguntur
2800 3034 2817 3066 :

1739 3094 1756 3121 ‘
1771 3092 2186 3155 ΚΕΚΡΟΠῙΔΑΣ,
2217 3090 2484 3151 Ἀθηναίους
2503 3091 2615 3142 τοὺς
2634 3092 2821 3141 ἀπύει·

1741 3170 1843 3231 δαίς,
1911 3166 2394 3231 CECROPIDAS,
2457 3168 2818 3217 Athenienses

1743 3240 2023 3307 apoeidas!
2087 3242 2253 3293 Heml
2290 3243 2548 3307 Apocides
2571 3245 2672 3293 ‘isti
2711 3254 2814 3294 tm-

1743 3320 1810 3369 de
1847 3327 2102 3369 terrarum
2127 3319 2330 3369 advecti
2356 3320 2511 3370 sunt?
2574 3318 2678 3369 Sed
2703 3324 2815 3371 non

1743 3402 1826 3445 est
1849 3410 1941 3445 cur
1972 3395 2024 3444 in
2049 3410 2111 3444 ea
2132 3410 2186 3443 re
2218 3395 2500 3460 quaerenda
2525 3395 2816 3461 quidquam

1743 3486 1918 3534 operae
1954 3477 2202 3535 ponatur,
2234 3471 2378 3519 locus
2401 3480 2502 3520 non
2525 3480 2815 3535 corruptus

1743 3546 1898 3595 modo
1934 3553 2035 3606 est,
2071 3546 2161 3594 sed
2199 3553 2256 3595 et
2287 3547 2518 3597 mutilus.
2583 3548 2728 3609 Lege
2753 3556 2815 3597 et

1745 3623 1930 3684 supple
1957 3626 2366 3683 ΚΕκΡοΠιΔΑΣ,
2401 3622 2670 3681 Ἀθηναίους
2687 3614 2813 3686 [ὰπὸ

1744 3695 2006 3760 Κέκροπος]
2031 3696 2096 3744 Ἢ
2116 3696 2515 3748 ἈΠΑΤΕΩΝΑΣ.
2557 3698 2815 3761 Cecropi—

1745 3772 1837 3821 das
1873 3772 2092 3833 scilicet,
2123 3771 2416 3835 significare
2439 3773 2810 3836 Athenienses,

1744 3861 1776 3895 a
1799 3848 2055 3909 Cecrope,
2087 3848 2171 3895 vel
2211 3847 2367 3895 etiam
2399 3847 2688 3911 significare
2709 3846 2811 3897 fal-

1743 3926 1912 3983 laces;
1953 3925 2200 3973 allusione
2245 3924 2390 3973 facta
2428 3926 2495 3973 ad
2539 3927 2812 3989 Cercopas

1743 4000 1831 4064 qui
1854 3998 1999 4047 δόλιοι
2021 4007 2076 4047 et
2109 4000 2376 4062 πανοῦργοι,
2397 4000 2660 4048 notissimo
2682 4014 2810 4063 pra⁶

1745 4076 1943 4137 verbio,
1978 4076 2316 4136 habebantur,
2353 4074 2613 4139 Κερκώπων
2635 4074 2810 4137 ἀγορά.

1748 4150 1826 4202 Ac
1849 4165 1914 4201 ne
1945 4152 2062 4215 quis
2089 4152 2156 4199 de
2188 4152 2554 4199 emendatione
2581 4149 2812 4212 dubitet,

1743 4228 1968 4291 ipsemet
2005 4226 2299 4291 Hesychius
2345 4230 2496 4291 plane
2529 4236 2584 4277 et
2605 4226 2808 4279 diserte
