3200 4959
596 434 768 509 1438

595 595 720 660 fuge
741 592 934 658 turpis,
970 592 1192 642 obscena
1220 589 1383 654 dicta,
1413 591 1429 619 ‘
1449 588 1646 652 spurci-

595 674 757 736 dicos‚
803 668 1228 719 immemorabiles
1269 681 1464 727 versus,
1514 678 1647 713 sma-

595 746 798 808 tiones,'
820 750 918 796 &c.
983 745 1109 806 Sed,
1129 760 1160 793 o
1178 743 1320 803 boui,
1357 743 1402 790 si
1421 742 1543 792 boni
1567 754 1647 787 es-

597 825 686 885 tis,
719 822 840 871 nihil
867 822 952 870 bic
988 819 1354 883 spurcidicum,
1395 817 1519 865 nihil
1558 816 1651 863 im·

596 899 942 951 memorabile.
995 897 1053 948 Si
1084 895 1207 961 quid
1230 894 1336 944 tale
1372 891 1650 954 videbitur,

596 976 650 1025 id
675 976 800 1025 vitio
831 974 1071 1035 legentis,
1110 986 1210 1021 non
1247 969 1418 1034 poetoe
1457 967 1649 1017 adscri-

597 1051 825 1101 bendum
847 1050 966 1099 erit.
1020 1049 1139 1098 Hoc
1158 1052 1300 1096 certe
1321 1044 1500 1093 videor
1515 1040 1648 1091 affir-

597 1142 738 1176 mare
763 1138 956 1190 ‘posset
991 1125 1064 1188 Si,
1099 1138 1212 1189 quae
1235 1139 1266 1172 u
1291 1120 1534 1171 Lucretio
1567 1119 1650 1167 hic

597 1203 910 1263 scribuntur,
930 1217 992 1252 ea
1011 1215 1108 1265 pro
1140 1198 1290 1248 foedis
1310 1204 1365 1245 et
1385 1194 1651 1257 flagitiosis

597 1278 752 1327 dictis
772 1268 1130 1336 habebuntur-3
1161 1275 1310 1335 longe
1331 1270 1430 1320 illis
1457 1270 1650 1332 turpio-

595 1368 676 1417 ra,
710 1355 965 1418 longeque
1001 1350 1218 1400 foediora
1255 1345 1474 1410 reperiri
1509 1344 1560 1391 in
1587 1358 1651 1392 eo

597 1429 731 1477 libro
753 1442 922 1492 posse,
938 1440 1088 1491 quem
1107 1438 1257 1475 nemo
1274 1423 1384 1471 sine
1407 1418 1649 1483 praesenti

597 1500 752 1551 famu».
770 1501 1000 1565 periculo
1013 1495 1375 1561 reprehendet.
1407 1494 1482 1544 At
1498 1494 1654 1555 enim,

595 1578 784 1640 sentio,
837 1577 1004 1624 virum
1067 1574 1210 1623 illum
1269 1570 1651 1619 sanctissimum

595 1654 770 1717 (quem
795 1652 1074 1715 appellare,
1097 1663 1234 1698 nunc
1258 1648 1485 1710 quidem,
1516 1644 1652 1694 baud

599 1742 724 1777 sene
763 1739 1078 1789 magnopere
1119 1720 1334 1786 attinet)
1370 1722 1550 1771 dicent
1591 1734 1657 1769 es

599 1804 764 1867 gratis
797 1817 902 1852 rem
941 1802 1121 1864 ipsam,
1162 1798 1391 1862 quemvis
1425 1796 1657 1860 turpissi-

599 1894 753 1941 mum,
787 1884 892 1927 tam
931 1883 1115 1939 aperte
1152 1881 1360 1938 temque
1382 1871 1657 1935 perspicue

600 1962 874 2016 tractasse,
907 1958 966 2001 ut
1000 1966 1065 1999 ex
1107 1957 1250 1999 tantu
1285 1957 1491 2011 tamque
1513 1944 1659 2008 flagi-

601 2031 738 2081 tiosa
778 2026 1148 2090 descriptionis
1189 2024 1428 2073 foeditate
1473 2021 1659 2071 vitium

596 2106 728 2157 illud
751 2106 915 2169 magis
935 2101 1220 2152 aversabile
1239 2098 1408 2148 fieret.
1449 2098 1660 2156 Fateor,

600 2194 770 2245 neque
791 2194 1015 2243 unquam
1039 2178 1192 2227 aliter
1212 2175 1366 2225 sensi.
1412 2173 1518 2223 Sed
1558 2174 1661 2221 Lu·

601 2258 795 2307 cretius
819 2270 920 2318 quo
939 2254 1042 2303 fine
1067 2252 1382 2315 scripserat?
1416 2264 1480 2298 an
1503 2254 1564 2297 ut
1585 2249 1659 2297 le-

600 2332 782 2381 noniss
804 2344 986 2394 operas
1009 2329 1282 2392 praeberet,
1312 2334 1368 2377 et
1403 2341 1470 2376 ex
1501 2326 1661 2387 pessi·

600 2422 686 2457 mo
709 2406 933 2455 omnium
955 2404 1288 2454 mercimonio
1320 2417 1428 2451 rem
1461 2400 1661 2451 faceret

605 2482 926 2532 uuictiorem?
961 2480 1080 2528 Hoc
1105 2477 1309 2542 quidem
1331 2476 1507 2525 multis
1530 2481 1661 2524 tem-

604 2555 812 2617 poribus
833 2555 921 2603 alii
945 2553 1112 2616 poetae
1132 2552 1326 2614 fecere,
1340 2550 1520 2615 quibus
1542 2544 1662 2612 pro·

599 2631 723 2693 fuit,
751 2640 807 2681 et
830 2644 962 2679 nunc
985 2628 1205 2677 sortasse
1227 2627 1484 2676 nonnullis
1506 2625 1662 2687 prod-

603 2714 717 2767 θεῖς
761 2705 852 2754 sed
877 2706 999 2753 vitae
1022 2703 1316 2766 integritas,
1335 2702 1665 2765 gravitasque

601 2796 820 2843 morum,
851 2796 912 2831 ac
944 2786 1024 2830 tot
1044 2778 1377 2828 saluberrima
1399 2783 1666 2840 praecepta

599 2858 687 2907 hic
727 2858 835 2907 illie
875 2871 969 2920 per
1004 2863 1171 2905 totum
1203 2868 1332 2917 opus
1353 2866 1550 2914 sparsa,
1573 2850 1664 2897 hu-

595 2930 824 2995 jusmodi
845 2930 1190 2992 suspicionem
1223 2929 1376 2990 longe
1409 2941 1440 2973 a
1474 2926 1665 2973 Lucre-

603 3006 680 3054 tio
721 3004 1051 3053 amoliuntur.
1119 3001 1313 3050 Paucis
1353 2996 1663 3058 dicendum3

606 3078 711 3129 vin'
735 3081 869 3129 scire
891 3080 1025 3143 quod
1047 3077 1145 3141 ipsi
1170 3075 1435 3125 consilium
1467 3071 1664 3121 suerit?

605 3157 686 3205 En
711 3156 837 3205 ubiz
873 3158 890 3185 ‘
905 3155 1008 3205 Sed
1030 3154 1258 3217 fugitare
1280 3152 1437 3201 decet
1459 3150 1665 3199 simuls-

605 3246 692 3281 cra
715 3240 770 3281 et
791 3232 982 3296 pabula
1002 3229 1189 3281 amoris
1212 3227 1527 3277 Absterrere
1547 3224 1666 3287 sibi,

607 3317 760 3373 atque
779 3309 882 3358 ulio
904 3314 1212 3359 convertere
1233 3312 1492 3363 mentem3
1528 3302 1665 3350 Nam

607 3392 757 3434 certa
789 3391 844 3432 et
883 3398 1016 3446 pura
1054 3390 1138 3431 est
1175 3382 1314 3431 sanis
1347 3380 1506 3443 magis
1545 3377 1667 3429 inde

606 3461 846 3523 voluptas
873 3460 1039 3511 Quem
1064 3458 1295 3506 miseris:
1332 3455 1540 3505 Etenim
1577 3468 1667 3516 po-

607 3535 775 3586 tiundi
809 3542 1044 3599 tempore
1082 3534 1135 3582 in
1174 3533 1288 3596 ipso
1325 3531 1571 3579 Flu-ctust
1593 3529 1667 3576 in-

607 3616 766 3664 certis
788 3612 1044 3663 erroribus
1061 3609 1218 3658 ardor
1235 3613 1528 3665 amantum3
1555 3604 1669 3653 Nec

607 3690 840 3751 reperire
861 3688 1050 3736 malum
1092 3685 1145 3733 id
1185 3689 1401 3746 possunt
1422 3694 1538 3745 quae
1564 3692 1668 3727 mn-

609 3763 758 3812 chinu
782 3763 974 3812 vincat.
1029 3760 1207 3823 Usque
1227 3756 1357 3805 adeo
1379 3754 1565 3805 incerti
1591 3761 1672 3803 ts-

610 3840 828 3890 bescunt
869 3839 1076 3888 volnere
1115 3850 1274 3885 caeco.
1343 3832 1495 3883 Adde
1533 3830 1670 3895 quod

610 3916 886 3966 absumunt
921 3916 1078 3971 vires,
1115 3918 1438 3977 pereuntque
1472 3908 1670 3969 labore,

610 3990 764 4042 Adde
787 3989 922 4056 quod
957 3989 1170 4039 alterius
1195 3987 1290 4036 sub
1313 3992 1444 4035 nutu
1465 3984 1672 4046 degitur

611 4071 753 4116 θεας.
819 4066 1032 4115 Labitur
1069 4065 1270 4114 interes
1309 4076 1412 4121 res,
1450 4067 1505 4109 et
1529 4058 1673 4107 vadi·

611 4140 782 4189 monis
801 4138 964 4201 fiunt;
998 4142 1271 4203 Languent
1295 4136 1485 4203 officis,
1515 4136 1671 4199 atque

613 4222 834 4279 oegrotat
872 4215 1007 4265 sams
1049 4216 1311 4265 vacillans.
1382 4215 1439 4264 Si
1482 4210 1671 4269 nescis,

611 4293 769 4341 etiam
791 4290 959 4341 medio
980 4290 1047 4341 de
1071 4290 1218 4341 fonte
1238 4294 1468 4355 leporum
1491 4287 1673 4349 Surgit

1279 446 1496 497 NOTAE
1543 440 1941 493 VARIORUM
1994 438 2076 487 nt

1719 583 1878 634 amari
1902 580 2113 647 aliquid,
2137 576 2272 643 quod
2311 574 2361 625 in
2396 574 2521 638 ipsis
2554 571 2786 623 floribus-

1720 668 1891 722 angat.
1954 657 2062 707 Aut
2086 654 2219 719 quod
2256 652 2491 702 conscius
2528 651 2645 714 ipse
2667 651 2781 700 sni-s

1719 752 1829 785 mus
1844 750 1899 784 se
1914 732 2051 783 forte
2067 728 2350 791 remordet,
2364 726 2639 777 Desidiose
2652 738 2779 788 age·

1721 828 1779 861 re
1820 817 2051 871 aetatem,
2096 805 2373 868 lustrisque
2415 802 2623 865 perire;
2662 798 2787 849 ‘Aut

1722 886 1859 951 quod
1884 888 1935 935 in
1958 884 2199 946 ambiguo
2220 880 2428 929 verbum
2445 877 2681 940 jaculat·
2702 888 2785 923 re·

1722 964 1909 1028 liquit3
1954 960 2105 1013 Quod
2143 956 2333 1021 cupide
2375 952 2586 1002 affixum
2628 950 2777 999 cordi

1722 1040 1943 1089 vivescit
1972 1046 2029 1086 ut
2064 1034 2225 1099 ignis3
2257 1032 2411 1082 Unde
2433 1030 2491 1077 fit
2516 1035 2573 1076 ut
2594 1026 2779 1075 melius

1724 1114 1888 1162 multo
1912 1112 2123 1175 vigilare
2142 1109 2213 1157 sit
2234 1112 2377 1166 ante,
2394 1104 2513 1154 Qua
2528 1102 2681 1152 docui
2700 1115 2781 1151 ru-

1724 1190 2187 1250 tione,cavereque
2204 1198 2271 1231 ne
2292 1178 2629 1243 inlaqueeris?
2657 1174 2787 1225 Aiax

1726 1272 1802 1325 tu,
1823 1264 2031 1323 Lector,
2046 1261 2133 1324 qui
2155 1260 2230 1309 its
2251 1260 2543 1320 loquantur,
2564 1266 2655 1301 eos
2666 1253 2783 1301 hor-

1726 1346 1920 1388 tatores
1940 1338 2193 1387 scelerum
2214 1346 2476 1391 vocemus,
2510 1344 2574 1379 an
2598 1328 2785 1378 dehor-

1723 1423 1923 1465 tatores
1966 1414 2119 1463 simul
2168 1408 2581 1468 facundissimos,
2634 1406 2785 1455 simul

1724 1488 2031 1540 acerrimos?
2064 1486 2235 1537 Faber.
2302 1485 2435 1533 Haec
2476 1483 2543 1531 de
2571 1481 2787 1531 consilio

1727 1566 1896 1629 poetae
1924 1564 2111 1626 Faber,
2130 1576 2230 1611 nec
2250 1561 2383 1611 falso
2400 1578 2418 1609 ε
2438 1560 2567 1607 nihil
2588 1558 2658 1607 de⁴
2676 1558 2786 1607 dic·-

1725 1644 1883 1706 tione,
1913 1656 2029 1707 quae
2048 1647 2224 1690 tamen
2246 1646 2325 1689 est
2352 1636 2646 1701 purissime,
2684 1647 2788 1683 nec·

1728 1719 2025 1768 Lucretium
2048 1718 2098 1767 in
2122 1717 2227 1767 nlla
2248 1722 2402 1779 parte
2427 1712 2587 1763 totius
2610 1712 2789 1773 operis

1727 1810 1881 1859 quiam
1902 1794 1957 1843 in
1977 1794 2075 1843 hac
2105 1792 2267 1856 magis
2306 1790 2607 1853 diligentem
2632 1787 2791 1835 .inve·.

1728 1870 1859 1929 nies,
1890 1870 1964 1919 itu
1988 1883 2112 1917 vero
2136 1866 2354 1931 simplex
2377 1873 2433 1915 et
2472 1861 2795 1926 significans,

1730 1951 1791 1993 ut
1843 1944 2323 2007 interpretationem
2377 1952 2478 1987 non
2526 1936 2787 1986 admittat.

1732 2018 1941 2083 Quippe
1961 2020 2097 2068 iniis
2118 2019 2331 2067 vocibus
2356 2030 2472 2080 quoe
2495 2027 2677 2078 perum
2700 2026 2789 2061 ve-

1730 2097 2135 2157 recuudaesunt,
2172 2095 2393 2153 Latium,
2426 2093 2610 2140 saltem
2651 2088 2789 2153 qnod

1731 2187 1829 2235 ego
1868 2173 1995 2233 scio,
2027 2186 2128 2221 non
2162 2178 2244 2220 est
2280 2172 2565 2232 copiosum,
2605 2167 2793 2215 Latina

1732 2247 1938 2311 quidem
1960 2248 2119 2297 babet
2136 2254 2193 2296 et
2216 2248 2447 2295 Romana
2468 2244 2623 2293 verba
2654 2238 2787 2306 (vid.

1734 2323 2215 2373 Martialis-lib..11.
2240 2324 2339 2386 Ep.
2364 2320 2473 2384 20.)
2507 2320 2597 2369 sed
2628 2334 2691 2369 ea
2712 2326 2791 2369 tu·

1734 2414 1848 2449 men
1873 2414 2031 2462 parce
2054 2400 2271 2459 invenit,
2302 2405 2361 2447 et
2382 2397 2586 2461 parcius
2608 2395 2791 2444 utitur.

1738 2476 1932 2525 Creech.
1980 2476 2163 2525 Senec.
2188 2476 2287 2537 Ep.
2307 2478 2391 2524 69.
2412 2475 2427 2501 ‘
2450 2472 2533 2531 Ei,
2554 2472 2639 2535 qui
2658 2483 2796 2519 amo-

1736 2564 1843 2600 rem
1866 2566 2057 2600 exuere
2078 2558 2316 2610 conatur,
2332 2548 2575 2597 evitanda
2590 2554 2669 2595 est
2684 2560 2793 2595 om-

1737 2626 1816 2674 nis
1838 2626 2119 2675 admonitio
2156 2626 2337 2675 dilecti
2372 2624 2603 2686 corporis
2621 2639 2637 2671 z
2668 2621 2801 2670 nibil·

1738 2704 1871 2752 enim
1895 2701 2117 2765 facilius,
2138 2716 2290 2767 quam
2326 2713 2487 2762 amor,
2530 2698 2799 2749 rec-rudes—

1739 2779 1850 2829 cit.'
1886 2780 2051 2840 Preig.
2268 2790 2279 2795 ⁷
2604 2798 2621 2811 ⁴
2794 2804 2801 2809 -

1806 2860 1932 2905 1057
1966 2856 2240 2903 Absterrere
2282 2850 2399 2914 cibi]
2448 2851 2536 2899 Sic
2588 2848 2797 2913 quidem

1740 2931 1929 2980 habent
1964 2931 2078 2980 libri
2117 2943 2311 2990 omnes,
2352 2934 2407 2976 et
2448 2940 2704 2975 manuscr.
2740 2931 2800 2973 et

1740 3008 1877 3069 vulg.
1894 3006 1985 3055 sed
2004 3006 2211 3055 videtur
2232 3003 2355 3052 mihi
2374 3000 2647 3065 legendum
2659 3013 2799 3061 esse,

1738 3082 2025 3143 Abstergere
2042 3080 2154 3143 sibi,
2171 3085 2253 3143 &¹⁶-
2290 3081 2384 3129 hoc
2412 3077 2548 3127 enim
2580 3077 2797 3139 loqueu-

1737 3157 1791 3206 di
1815 3172 1975 3221 genus
1998 3163 2081 3205 est
2104 3156 2329 3205 insolens
2362 3162 2419 3203 et
2450 3166 2615 3216 prope
2648 3150 2799 3201 abso-

1740 3248 1881 3293 num,
1902 3232 2179 3281 Absterrere
2199 3230 2291 3279 sibi
2303 3231 2473 3293 pabula
2488 3227 2681 3289 umoris,
2702 3238 2798 3289 pro

1740 3322 1801 3357 eo
1827 3307 1961 3371 quod
1984 3315 2065 3355 est
2098 3321 2129 3354 a
2160 3321 2217 3355 se
2247 3304 2543 3369 >depelleret
2578 3302 2805 3354 alterum'

1742 3392 1913 3433 sutem
1938 3384 2224 3444 Assem-gere
2242 3382 2337 3431 sibi
2355 3394 2576 3442 amorem,
2600 3385 2657 3427 et
2676 3378 2799 3427 Abs-

1741 3464 1927 3521 tergere
1969 3460 2145 3507 amoris
2178 3457 2368 3521 pabula,
2402 3456 2478 3504 itu
2516 3460 2801 3503 consonum

1740 3542 1897 3598 atque
1930 3534 2196 3595 usitatum,
2214 3541 2273 3581 ut
2302 3531 2659 3593 ‘Abstergere
2690 3539 2799 3576 mo-

1740 3610 1977 3671 lestiam,’
2016 3612 2032 3638 ‘
2058 3606 2325 3667 dolorem,'
2352 3608 2380 3658 .‘
2400 3609 2629 3666 metum,’
2660 3605 2678 3633 ‘
2696 3605 2801 3651 luc-

1745 3685 1887 3735 tum!
1950 3685 2102 3733 Dixit
2142 3694 2313 3732 tamen
2347 3680 2441 3733 inf.
2478 3682 2595 3731 eod.
2628 3680 2718 3729 lib.
2748 3678 2801 3726 in

1744 3767 1878 3809 extr.
1942 3761 1959 3787 ‘
1986 3760 2101 3808 Nec
2124 3759 2296 3808 divina
2332 3765 2501 3807 satum
2524 3756 2800 3820 genitalem

1744 3836 1952 3885 numina
1988 3835 2224 3898 cuiquam
2252 3829 2600 3893 Absterrent,'
2620 3834 2731 3879 ³&c.
2756 3830 2803 3878 si

1744 3913 1827 3962 cui
1866 3911 2006 3962 forte
2045 3910 2171 3959 illud
2208 3910 2329 3959 huic
2361 3909 2525 3957 simile
2546 3907 2801 3955 videatur.

1746 3989 1875 4037 Cum
1926 3989 2039 4036 haec
2081 3986 2400 4049 scripsissem
2443 3984 2585 4044 olim,
2626 3982 2807 4031 Zoilus

1745 4075 1911 4111 meam
1936 4063 2289 4125 conjecturam
2312 4060 2553 4123 arripuit,
2574 4066 2627 4107 et
2650 4072 2705 4115 se
2716 4058 2803 4115 «ite

1744 4138 1798 4187 in
1838 4139 1943 4187 suis
1980 4138 2065 4188 lib.
2107 4145 2212 4189 vet.
2250 4137 2504 4199 scriptum
2550 4133 2803 4199 reperisse

1745 4221 1968 4263 testatus
2010 4222 2124 4264 est:
2184 4214 2268 4262 cui
2309 4227 2412 4261 non
2452 4210 2632 4261 credo.
2696 4209 2802 4257 Sed

1742 4296 1920 4338 tamen
1952 4303 2067 4337 cum
2106 4302 2191 4338 me
2226 4289 2453 4338 laudarit
2488 4286 2807 4351 imprudens,
