3200 4959
609 438 784 504 15⁰6

610 597 896 663 plicissima
931 601 1028 644 est.
1067 595 1233 656 Preig.
1304 591 1563 654 Gifanius,
1607 591 1676 640 Ut

600 677 741 737 fama
758 679 850 735 est,
864 672 1102 722 hominum
1121 673 1292 720 multos
1314 672 1499 732 quando
1520 669 1675 718 σὸν-αὔ

610 751 770 800 nudie.
815 747 1053 810 Vossius,
1072 746 1337 796 Hominum
1359 747 1551 806 multas,
1572 745 1607 792 i.
1627 759 1676 792 e.

614 827 846 876 Crimina
888 826 1168 887 bominum,
1212 824 1323 872 sive
1366 823 1551 886 impios
1587 823 1677 870 ho·

612 908 793 956 mines.
861 903 938 954 At
975 901 1103 968 quid
1144 901 1227 951 bic
1271 900 1371 950 loci
1402 899 1678 947 Lucretius

612 973 731 1033 cum
770 981 1074 1031 criminibus
1110 977 1403 1028 hominum?
1436 973 1678 1048 profecto

613 1059 900 1123 Epicureus
950 1069 1210 1120 nunqnam
1263 1053 1492 1104 credidit
1551 1053 1680 1100 istae

610 1150 771 1199 aquas
808 1133 875 1182 ad
910 1132 1127 1182 eluenda
1166 1131 1425 1180 hominum
1462 1133 1681 1191 peccata

608 1210 774 1260 fuisse
790 1215 1046 1258 terrarum
1062 1207 1173 1257 orbi
1195 1205 1467 1255 immissas.
1486 1203 1679 1252 Greech.

679 1286 867 1336 Multos
907 1285 1089 1346 qnando
1128 1281 1288 1330 obruit
1326 1278 1505 1340 urbeis]
1547 1280 1679 1328 Cum

613 1361 925 1426 reperissem
948 1359 1201 1422 scriptum
1219 1357 1271 1406 in
1289 1355 1416 1406 Cod.
1434 1353 1678 1403 Vatican.

614 1440 789 1488 ’καιτοι
844 1438 1031 1500 quondo
1080 1434 1240 1482 obruit
1294 1431 1420 1493 sabis,
1474 1429 1681 1493 reposui

612 1515 787 1564 mocio.
821 1527 939 1563 nam
964 1527 1107 1574 saepe
1132 1510 1427 1570 observavi,
1461 1509 1511 1558 in
1539 1509 1682 1557 libris

616 1589 881 1640 veteribus
903 1589 1092 1636 lineam
1116 1599 1329 1650 parvam
1364 1597 1523 1646 supra
1560 1583 1681 1631 duci

615 1679 712 1730 pro
734 1680 781 1727 r,
814 1670 875 1713 nt
895 1665 911 1692 ‘
930 1661 1123 1723 coota‚'
1160 1676 1253 1724 pro
1287 1662 1303 1689 ⁴
1322 1659 1539 1722 coorta,’
1570 1661 1585 1688 ‘
1609 1663 1682 1706 tii-

619 1743 709 1790 ba’
732 1754 827 1804 pro
849 1741 867 1770 ‘
883 1740 1056 1800 turba,
1076 1742 1091 1768 ‘
1108 1740 1264 1789 odine
1280 1737 1295 1761 ’
1319 1753 1412 1801 pro
1435 1740 1450 1766 ‘
1466 1736 1683 1786 ordine.'

615 1817 889 1866 Proeterea
910 1815 1023 1865 sine
1038 1815 1147 1864 ulla
1163 1815 1415 1863 varietate
1435 1813 1509 1862 sic
1525 1812 1683 1862 habet

616 1893 753 1942 liber
774 1891 1059 1941 Florentiae
1080 1891 1375 1954 impressus.
1425 1889 1543 1938 Non
1563 1881 1687 1951 pross

615 1968 766 2018 bavit
819 1968 953 2017 hanc
1012 1967 1426 2017 emendationem
1484 1964 1683 2014 Zoilus.

618 2048 744 2113 qnid
768 2049 985 2098 mirum?
1016 2061 1132 2112 qnae
1156 2046 1329 2095 dulcia
1348 2050 1490 2106 sunt,
1511 2057 1688 2092 amera

618 2124 863 2174 videntur
885 2124 935 2172 ei
957 2124 1043 2188 qui
1067 2121 1267 2172 febrem
1288 2121 1465 2182 habet,
1490 2128 1579 2169 aut
1602 2120 1686 2169 cui

616 2201 809 2264 alioqui
832 2201 1063 2263 palatum
1102 2204 1403 2261 corruptum
1426 2205 1523 2247 est.
1590 2195 1687 2245 At-

620 2275 709 2339 qui
732 2274 859 2323 satis
881 2273 1083 2322 ostendi
1121 2273 1219 2322 hoc
1254 2286 1413 2335 genus
1437 2269 1685 2335 loquendi

622 2351 638 2378 ‘
660 2355 719 2397 ut
753 2347 889 2396 fama
914 2352 994 2397 est
1013 2346 1313 2408 hominum,’
1350 2345 1495 2395 bonis
1520 2346 1683 2408 scrip-

622 2424 823 2473 toribus
847 2437 963 2472 esse
986 2421 1253 2470 usitatum.
1300 2421 1419 2472 Jam
1444 2435 1567 2470 vero
1589 2422 1686 2469 hoc

622 2501 797 2548 multos
828 2498 985 2547 obruit
1019 2497 1193 2558 urbeis,
1224 2497 1453 2546 homines
1486 2497 1573 2560 qui
1596 2497 1686 2545 ali·

566 2587 577 2600 ·
623 2575 748 2638 qnid
769 2574 977 2622 videant
994 2573 1046 2621 in
1064 2573 1138 2621 his
1155 2573 1689 2640 litteris2agnoscent,

625 2657 679 2698 et
714 2648 1038 2711 probabunt:
1071 2648 1197 2696 illud
1234 2657 1419 2698 contra
1452 2649 1689 2698 hominum

626 2727 797 2790 multos
818 2725 977 2775 obruit
998 2725 1157 2785 undis,
1193 2739 1291 2772 non
1330 2725 1489 2774 item:
1525 2732 1586 2773 ut
1611 2730 1687 2773 ta-

626 2818 791 2865 ceam,
802 2802 960 2866 quod,
972 2816 1089 2850 cnm
1102 2802 1378 2850 Lucretius
1392 2800 1688 2863 significare

622 2881 754 2928 velit
767 2877 1023 2941 insignem
1039 2877 1303 2938 diluviem,
1314 2877 1553 2924 nonsatis
1571 2891 1686 2924 enm

624 2955 705 3003 bis
732 2953 901 3002 verbis
924 2953 1259 3015 exprimeret,
1284 2953 1299 2979 ‘
1316 2953 1503 3000 multos
1525 2954 1687 3001 homi·

622 3029 780 3092 num,'
797 3029 905 3077 sive
924 3029 941 3056 ‘
956 3029 1147 3078 multos
1164 3027 1394 3076 homines
1409 3028 1580 3079 obruit
1594 3043 1687 3076 un-

624 3107 739 3157 dis.'
774 3107 896 3172 quid
934 3114 1017 3155 est
1053 3105 1191 3154 enim
1226 3105 1415 3154 multos
1454 3105 1687 3157 homines

624 3184 777 3233 undis
795 3198 912 3232 esse
929 3181 1171 3232 obrutos?
1186 3182 1226 3230 si
1242 3189 1469 3242 centum,
1487 3183 1526 3230 si
1544 3183 1688 3246 quin-

626 3259 875 3326 quaginta
914 3259 1085 3308 obruti
1130 3263 1267 3321 sunt,
1306 3258 1455 3306 multi
1512 3257 1687 3306 obruti

626 3343 761 3384 sunt.
829 3335 904 3383 At
926 3350 1063 3384 nunc
1087 3349 1152 3383 ex
1192 3333 1289 3382 hac
1324 3348 1441 3383 mea
1460 3334 1688 3383 lectione

626 3413 803 3460 multae
830 3411 983 3460 urbes
1005 3412 1203 3459 obrutae
1224 3418 1361 3458 sunt.
1427 3411 1558 3460 Quae
1579 3424 1690 3458 ver-

620 3487 803 3535 borum
828 3485 1085 3534 sententia
1124 3499 1241 3533 cum
1280 3485 1509 3533 Lucretii
1534 3499 1688 3532 sensu

626 3568 981 3610 consentanea
1003 3567 1101 3608 est.
1160 3557 1444 3609 Confirmat
1468 3558 1690 3622 denique

626 3639 761 3686 hanc
798 3638 1075 3685 lectionem
1112 3636 1351 3696 historia,
1385 3636 1567 3683 nuntia
1607 3652 1690 3684 ve-

626 3712 858 3771 tustatis,
888 3718 944 3758 et
968 3712 1117 3759 testis
1142 3717 1430 3773 temporum
1455 3712 1689 3772 praeteri-

628 3795 817 3836 torum.
885 3786 1003 3837 Qua
1024 3785 1092 3834 de
1114 3797 1172 3833 re
1195 3786 1271 3834 sic
1293 3784 1493 3834 Arnob.
1526 3775 1614 3834 lib.
1642 3793 1686 3835 1.

626 3865 644 3890 ‘
667 3863 948 3922 Terrarum
986 3860 1316 3910 validissimis
1338 3861 1561 3909 motibus
1586 3869 1690 3910 tre-

627 3937 871 3987 mefactae
892 3943 1078 3986 nutant
1103 3950 1261 4000 usque
1298 3937 1362 3985 ad
1402 3939 1690 4000 periculum

628 4015 885 4063 civitates.
970 4012 1147 4063 Quid?
1193 4013 1417 4061 hiatibus
1455 4015 1692 4062 maximis

628 4089 947 4152 interceptas
983 4088 1155 4138 urbeis
1186 4102 1305 4136 cum
1344 4090 1583 4150 gentibus
1607 4106 1688 4138 sn-

626 4165 831 4227 periora
869 4173 1104 4228 tempora
1140 4179 1243 4212 non
1286 4165 1563 4216 viderunt?
1598 4175 1688 4216 aut

628 4239 697 4288 ab
741 4239 1027 4302 hnjusmodi
1068 4239 1275 4288 casibus
1319 4239 1553 4290 fortunas
1596 4242 1688 4291 ba-

630 4317 789 4366 buere
813 4314 1073 4366 securas?
1144 4317 1243 4366 His
1286 4318 1419 4367 adde
1458 4334 1577 4382 quae
1623 4320 1690 4368 de

1306 449 1522 518 norst:
1573 445 1980 498 unionum
2035 445 2116 494 in

1750 589 1962 638 urbibus
2002 594 2158 639 terro
2207 592 2349 637 motu
2393 587 2645 638 absumtis
2679 581 2822 640 canit

1748 668 1864 730 ipse
1887 669 2040 718 Lucr.
2063 668 2098 716 l.
2115 673 2166 716 5.
2185 671 2300 716 684.
2331 666 2348 694 ‘
2363 667 2426 716 In
2441 666 2605 730 'l'yria
2621 667 2822 716 Sidone

1754 743 1890 807 quod
1916 741 2143 804 accidit,’
2162 746 2260 792 ὅτε.
2326 742 2705 806 Disrumpatur
2727 744 2826 807 igi.

1754 825 1840 868 tur
1863 819 2056 868 Zoilus.
2087 819 2255 868 Lanae».

1817 900 1918 945 416
1953 894 2304 958 confiteriam]
2325 895 2574 960 Repressi
2596 901 2650 945 et
2675 897 2823 946 cohi·

1753 969 1852 1020 biti
1877 978 2019 1032 sunt,
2055 970 2216 1019 velue
2246 969 2606 1020 cohibuerunt.
2649 971 2818 1021 lamb.

1815 1051 1914 1096 417
1940 1047 2038 1096 Sed
2059 1045 2228 1110 quibus
2247 1046 2330 1094 ille
2349 1045 2524 1109 modis]
2548 1045 2702 1094 Nunc
2727 1061 2822 1110 ag-

1754 1123 1988 1186 greditur
2011 1121 2078 1171 ad
2101 1121 2485 1185 explicandum,
2519 1135 2624 1184 qno
2657 1131 2822 1184 paeto

1755 1213 1822 1248 ex
1841 1197 2146 1262 corporibus
2163 1197 2359 1261 primis,
2373 1211 2492 1262 quae
2513 1211 2684 1262 neque
2702 1211 2824 1248 con·

1754 1274 1889 1337 silio,
1921 1287 2091 1339 neque
2129 1281 2278 1323 certo
2312 1271 2512 1322 foedere
2544 1274 2675 1322 inito
2712 1289 2824 1324 mo-

1755 1354 1961 1410 ventur,
1983 1347 2156 1398 factus
2179 1348 2248 1399 sit
2267 1349 2500 1399 mundns.
2547 1349 2709 1400 Totus
2731 1366 2822 1400 en-

1758 1433 1860 1475 tem
1899 1425 1984 1474 hic
2021 1426 2166 1475 locus
2204 1425 2272 1474 de
2310 1426 2489 1476 mundi
2512 1433 2569 1475 et
2593 1426 2824 1490 partium

1755 1501 1933 1550 mundi
1957 1500 2290 1551 concretione
2320 1501 2533 1551 videtur
2565 1516 2732 1566 prope
2753 1503 2822 1552 nd

1759 1578 1972 1626 verbum
1995 1591 2266 1648 expressus
2297 1576 2421 1642 (nisi
2445 1578 2582 1642 quod
2609 1578 2822 1627 uberius

1759 1669 1789 1702 a
1813 1653 2062 1703 Lucretio
2084 1655 2368 1716 tractetur)
2399 1669 2466 1704 ex
2489 1655 2548 1703 iis
2579 1667 2698 1718 qnae
2733 1670 2822 1703 ex-

1759 1734 2025 1791 ponuntur
2066 1743 2096 1778 a
2137 1728 2423 1778 Plutarcho
2476 1730 2610 1778 libro
2655 1731 2822 1792 primo

1757 1803 1859 1866 περὶ
1876 1807 1973 1852 τῶν
1992 1803 2238 1869 ἀρεσκόντ.
2260 1819 2378 1870 qum
2395 1805 2502 1854 suis
2519 1806 2646 1855 locis
2661 1821 2823 1854 mem-

1757 1881 1948 1931 bratim
1965 1889 2021 1931 et
2039 1882 2391 1945 particulatim
2405 1880 2658 1930 referam:
2683 1895 2823 1930 nilne

1759 1965 1930 2008 autem
1955 1960 2195 2009 universa
2218 1959 2404 2009 Latine
2426 1959 2659 2021 reddam,
2683 1960 2824 2023 quod

1760 2035 2054 2084 existimem
2099 2051 2163 2085 en
2203 2049 2436 2100 magnam
2485 2035 2654 2084 lucem
2697 2027 2823 2085 hnic

1759 2113 1874 2160 loco
1899 2112 2133 2161 allatura.
2195 2112 2282 2161 Sic
2303 2111 2463 2174 igitur
2483 2111 2825 2172 Plutarchus,

1760 2194 1818 2236 nt
1856 2187 2082 2252 quidem·
2102 2188 2282 2236 Latine
2313 2187 2589 2236 vertimus:
2624 2186 2641 2214 ‘
2663 2187 2825 2235 Mun-

1762 2262 1856 2311 dus
1893 2263 1944 2311 in
1983 2261 2246 2325 globosam
2277 2262 2495 2326 figuram
2531 2261 2827 2312 conforma-

1761 2340 1979 2401 tns,hoc
2005 2340 2155 2389 modo
2178 2339 2467 2389 concrevit.
2505 2339 2632 2388 Cum
2655 2340 2828 2404 prima

1761 2433 1984 2483 corpora
2019 2420 2132 2469 sine
2159 2420 2374 2468 consilio
2395 2428 2451 2468 et
2474 2417 2693 2469 fortuito
2715 2433 2824 2467 mo-

1761 2504 2027 2558 verentur,
2081 2496 2392 2560 assiduoque
2434 2510 2494 2544 ac
2549 2495 2826 2546 celerrimo

1761 2579 1904 2621 motu
1929 2571 2269 2636 agitarentur,
2282 2575 2334 2622 in
2356 2574 2493 2622 idem
2515 2574 2682 2621 multa
2705 2587 2828 2622 con·

1762 2657 2034 2713 venerunt,
2067 2657 2123 2699 et
2159 2651 2410 2714 coierunt,
2441 2659 2498 2702 et
2539 2656 2830 2715 propterea

1762 2727 2018 2776 varietate
2041 2725 2318 2790 figurarum
2337 2736 2390 2778 et
2408 2728 2826 2791 magnitudinum

1761 2800 2002 2862 praedita.
2070 2801 2168 2850 His
2202 2809 2376 2852 autem
2411 2804 2461 2851 iu
2501 2803 2683 2852 eodem
2707 2803 2828 2851 loco

1761 2879 1961 2926 coactis
2015 2885 2071 2927 et
2115 2880 2436 2928 coacervatis
2479 2893 2544 2927 ea
2597 2869 2827 2942 quidem,

1763 2969 1880 3018 quae
1904 2954 2098 3018 majora
2121 2963 2273 3004 erant
2295 2961 2352 3004 et
2374 2955 2692 3019 gravissima,
2715 2969 2828 3002 om-

1762 3029 1886 3080 nino
1909 3031 2267 3093 subsidebant,
2291 3045 2403 3095 quae
2423 3043 2578 3093 parva
2597 3043 2746 3089 vero,
2769 3035 2831 3078 et

1762 3107 2004 3168 rotunda,
2049 3113 2104 3156 et
2148 3107 2316 3168 laevia,
2361 3112 2418 3155 et
2459 3105 2680 3164 lubrica,
2713 3105 2829 3153 liaec

1763 3183 1923 3232 etiam
1981 3183 2406 3246 exprimebantur
2449 3183 2500 3230 in
2543 3181 2828 3244 primorum

1765 3273 2038 3321 corp-orum
2065 3273 2337 3321 concursu,
2361 3265 2416 3307 et
2437 3259 2489 3306 in
2515 3259 2672 3306 altum
2697 3256 2833 3306 sere-

1765 3333 1971 3383 bantur.
2042 3334 2143 3383 Ubi
2165 3335 2328 3396 igitur
2350 3333 2413 3380 ad
2449 3332 2826 3381 verberandum

1765 3419 1894 3472 apta
1935 3415 2169 3472 potestas
2213 3407 2428 3465 defecit,
2475 3423 2556 3468 ea,
2597 3409 2827 3471 inquam,

1765 3499 1880 3547 quae
1909 3485 1962 3533 in
1998 3485 2157 3534 altum
2181 3483 2481 3540 extollebat,
2517 3497 2684 3546 neque
2713 3482 2828 3544 jem

1767 3562 1919 3623 plaga
1942 3561 1996 3608 in
2021 3560 2238 3609 sub-lime
2272 3561 2510 3620 tollebat,
2533 3561 2585 3608 in
2610 3557 2832 3609 inferio-

1768 3650 1876 3684 rem
1909 3651 2034 3685 vero
2072 3638 2240 3685 locum
2271 3637 2385 3686 haec
2417 3634 2546 3685 ferri
2585 3636 2830 3698 prohibe-

1765 3712 1981 3761 bantur:
2010 3713 2074 3760 ad
2099 3726 2162 3760 ea
2183 3713 2316 3773 loca,
2332 3725 2450 3776 qnae
2473 3713 2708 3774 recipere
2732 3725 2830 3773 po-

1768 3797 1964 3849 terant,
1984 3787 2331 3851 urgebantur:
2357 3790 2467 3837 haec
2486 3796 2658 3836 eutem
2675 3792 2834 3836 erant

1767 3864 1850 3912 illa
1893 3866 2029 3924 loca,
2064 3881 2180 3927 quae
2218 3872 2334 3914 sunt
2377 3865 2428 3912 in
2451 3865 2700 3913 extremis
2719 3865 2828 3912 oris

1765 3941 2013 3988 mnndum
2034 3941 2404 3991 ambientibus:
2429 3949 2486 3990 et
2503 3941 2568 3989 ad
2583 3942 2696 3990 haec
2710 3955 2830 3990 cor-

1766 4017 2096 4077 pusculorum
2122 4017 2400 4066 multitudo
2435 4015 2828 4068 reflectebatur.

1764 4089 2040 4153 Implicata
2063 4098 2234 4140 autem
2255 4091 2396 4140 inter
2415 4106 2472 4139 se
2492 4098 2549 4140 et
2572 4091 2830 4155 impedita

1763 4179 1828 4214 ex
1870 4164 2169 4231 reflexione,
2219 4167 2468 4216 mundum
2521 4175 2830 4231 genuerunt.

1763 4243 1930 4293 Porro
1983 4245 2081 4292 hac
2131 4244 2312 4292 eadem
2368 4252 2556 4294 natura
2601 4245 2832 4307 pmdite

1762 4321 2088 4383 corpuscuie,
2109 4333 2226 4368 cim
2243 4325 2418 4370 essent
2431 4320 2596 4383 veria,
2612 4326 2672 4369 ut
2691 4319 2828 4368 dixi-
