<?xml version="1.0" encoding="UTF-8"?>
<!DOCTYPE html PUBLIC "-//W3C//DTD XHTML 1.0 Transitional//EN"
    "http://www.w3.org/TR/xhtml1/DTD/xhtml1-transitional.dtd">
<html xmlns="http://www.w3.org/1999/xhtml" xml:lang="en" lang="en">
 <head>
  <title>
</title>
<meta http-equiv="Content-Type" content="text/html;charset=utf-8" />
  <meta name='ocr-system' content='tesseract 3.04.00' />
  <meta name='ocr-capabilities' content='ocr_page ocr_carea ocr_par ocr_line ocrx_word'/>
</head>
<body>
  <div class='ocr_page' id='page_1' title='image "./dererumnaturali00unkngoog_0232.png"; bbox 0 0 3200 4959; ppageno 0'>
   <div class='ocr_carea' id='block_1_1' title="bbox 630 401 804 470">
    <p class='ocr_par' dir='ltr' id='par_1_1' title="bbox 630 401 804 470">
     <span class='ocr_line' id='line_1_1' title="bbox 630 401 804 470; baseline 0.006 -2"><span class='ocrx_word' id='word_1_1' title='bbox 630 401 804 470; x_wconf 76' lang='lat'>1582</span> 
     </span>
    </p>
   </div>
   <div class='ocr_carea' id='block_1_2' title="bbox 569 558 1697 4362">
    <p class='ocr_par' dir='ltr' id='par_1_2' title="bbox 569 558 1697 3752">
     <span class='ocr_line' id='line_1_2' title="bbox 628 558 1686 628; baseline -0.005 -14"><span class='ocrx_word' id='word_1_2' title='bbox 628 569 755 614; x_wconf 86' lang='lat' dir='ltr'><strong>cunt</strong></span> <span class='ocrx_word' id='word_1_3' title='bbox 778 563 830 614; x_wconf 87' lang='lat' dir='ltr'><strong>in</strong></span> <span class='ocrx_word' id='word_1_4' title='bbox 858 561 1048 614; x_wconf 81' lang='lat' dir='ltr'><strong>litura:</strong></span> <span class='ocrx_word' id='word_1_5' title='bbox 1081 576 1254 628; x_wconf 85' lang='lat' dir='ltr'><strong>neque</strong></span> <span class='ocrx_word' id='word_1_6' title='bbox 1288 561 1412 614; x_wconf 69' lang='lat' dir='ltr'><strong>satis</strong></span> <span class='ocrx_word' id='word_1_7' title='bbox 1448 558 1686 627; x_wconf 69' lang='lat' dir='ltr'><strong>liquide,</strong></span> 
     </span>
     <span class='ocr_line' id='line_1_3' title="bbox 631 637 1687 704; baseline -0.001 -16"><span class='ocrx_word' id='word_1_8' title='bbox 631 647 723 690; x_wconf 88' lang='lat' dir='ltr'><strong>aut</strong></span> <span class='ocrx_word' id='word_1_9' title='bbox 765 639 982 704; x_wconf 66' lang='lat' dir='ltr'><strong>integro</strong></span> <span class='ocrx_word' id='word_1_10' title='bbox 1027 647 1166 702; x_wconf 83' lang='lat' dir='ltr'><strong>sunt,</strong></span> <span class='ocrx_word' id='word_1_11' title='bbox 1215 645 1494 703; x_wconf 88' lang='lat' dir='ltr'><strong>propterea</strong></span> <span class='ocrx_word' id='word_1_12' title='bbox 1547 637 1687 703; x_wconf 86' lang='lat' dir='ltr'><strong>quod</strong></span> 
     </span>
     <span class='ocr_line' id='line_1_4' title="bbox 631 713 1688 780; baseline -0.004 -14"><span class='ocrx_word' id='word_1_13' title='bbox 631 715 939 766; x_wconf 86' lang='lat' dir='ltr'><strong>emendator</strong></span> <span class='ocrx_word' id='word_1_14' title='bbox 971 715 1176 780; x_wconf 78' lang='lat' dir='ltr'><strong>aliquis,</strong></span> <span class='ocrx_word' id='word_1_15' title='bbox 1205 730 1296 765; x_wconf 82' lang='lat' dir='ltr'><strong>seu</strong></span> <span class='ocrx_word' id='word_1_16' title='bbox 1334 713 1552 764; x_wconf 77' lang='lat' dir='ltr'><strong>fortasse</strong></span> <span class='ocrx_word' id='word_1_17' title='bbox 1573 727 1688 764; x_wconf 85' lang='lat' dir='ltr'><strong>cor-</strong></span> 
     </span>
     <span class='ocr_line' id='line_1_5' title="bbox 639 791 1689 855; baseline -0.003 -14"><span class='ocrx_word' id='word_1_18' title='bbox 639 797 824 855; x_wconf 79' lang='lat' dir='ltr'><strong>ruptor</strong></span> <span class='ocrx_word' id='word_1_19' title='bbox 844 791 1038 855; x_wconf 83' lang='lat' dir='ltr'><strong>potius,</strong></span> <span class='ocrx_word' id='word_1_20' title='bbox 1059 797 1276 841; x_wconf 85' lang='lat' dir='ltr'><strong>conatus</strong></span> <span class='ocrx_word' id='word_1_21' title='bbox 1315 797 1396 840; x_wconf 78' lang='lat' dir='ltr'><strong>est</strong></span> <span class='ocrx_word' id='word_1_22' title='bbox 1433 791 1486 840; x_wconf 89' lang='lat' dir='ltr'><strong>in</strong></span> <span class='ocrx_word' id='word_1_23' title='bbox 1519 791 1689 840; x_wconf 88' lang='lat' dir='ltr'><strong>locum</strong></span> 
     </span>
     <span class='ocr_line' id='line_1_6' title="bbox 636 866 1691 932; baseline -0.002 -15"><span class='ocrx_word' id='word_1_24' title='bbox 636 867 862 931; x_wconf 80' lang='lat' dir='ltr'><strong>antiquoe</strong></span> <span class='ocrx_word' id='word_1_25' title='bbox 897 868 1191 932; x_wconf 62' lang='lat' dir='ltr'><strong>scripturae,</strong></span> <span class='ocrx_word' id='word_1_26' title='bbox 1222 868 1432 930; x_wconf 73' lang='lat' dir='ltr'><strong>corporis</strong></span> <span class='ocrx_word' id='word_1_27' title='bbox 1464 873 1520 916; x_wconf 85' lang='lat' dir='ltr'><strong>et</strong></span> <span class='ocrx_word' id='word_1_28' title='bbox 1541 866 1691 927; x_wconf 60' lang='lat' dir='ltr'><strong>wari,</strong></span> 
     </span>
     <span class='ocr_line' id='line_1_7' title="bbox 633 941 1689 1007; baseline -0.002 -14"><span class='ocrx_word' id='word_1_29' title='bbox 633 943 950 993; x_wconf 72' lang='lat' dir='ltr'><strong>substituere</strong></span> <span class='ocrx_word' id='word_1_30' title='bbox 987 957 1175 1007; x_wconf 79' lang='lat' dir='ltr'><strong>corpore</strong></span> <span class='ocrx_word' id='word_1_31' title='bbox 1212 950 1268 993; x_wconf 87' lang='lat' dir='ltr'><strong>et</strong></span> <span class='ocrx_word' id='word_1_32' title='bbox 1297 943 1468 1007; x_wconf 65' lang='lat' dir='ltr'><strong>effugi.</strong></span> <span class='ocrx_word' id='word_1_33' title='bbox 1535 941 1689 994; x_wconf 78' lang='lat' dir='ltr'><strong>Quod</strong></span> 
     </span>
     <span class='ocr_line' id='line_1_8' title="bbox 631 1018 1693 1084; baseline -0.002 -16"><span class='ocrx_word' id='word_1_34' title='bbox 631 1031 696 1068; x_wconf 88' lang='lat' dir='ltr'><strong>eo</strong></span> <span class='ocrx_word' id='word_1_35' title='bbox 714 1018 848 1082; x_wconf 89' lang='lat' dir='ltr'><strong>dico,</strong></span> <span class='ocrx_word' id='word_1_36' title='bbox 872 1019 994 1084; x_wconf 86' lang='lat' dir='ltr'><strong>quia</strong></span> <span class='ocrx_word' id='word_1_37' title='bbox 1024 1019 1176 1068; x_wconf 81' lang='lat' dir='ltr'><strong>homo</strong></span> <span class='ocrx_word' id='word_1_38' title='bbox 1209 1020 1345 1068; x_wconf 86' lang='lat' dir='ltr'><strong>maie</strong></span> <span class='ocrx_word' id='word_1_39' title='bbox 1379 1019 1446 1068; x_wconf 86' lang='lat' dir='ltr'><strong>de</strong></span> <span class='ocrx_word' id='word_1_40' title='bbox 1479 1033 1564 1067; x_wconf 88' lang='lat' dir='ltr'><strong>me</strong></span> <span class='ocrx_word' id='word_1_41' title='bbox 1587 1032 1693 1067; x_wconf 87' lang='lat' dir='ltr'><strong>me·</strong></span> 
     </span>
     <span class='ocr_line' id='line_1_9' title="bbox 634 1094 1692 1160; baseline -0.002 -16"><span class='ocrx_word' id='word_1_42' title='bbox 634 1095 787 1159; x_wconf 80' lang='lat' dir='ltr'><strong>ritus,</strong></span> <span class='ocrx_word' id='word_1_43' title='bbox 826 1095 1119 1160; x_wconf 82' lang='lat' dir='ltr'><strong>approbata</strong></span> <span class='ocrx_word' id='word_1_44' title='bbox 1155 1109 1274 1145; x_wconf 84' lang='lat' dir='ltr'><strong>mea</strong></span> <span class='ocrx_word' id='word_1_45' title='bbox 1312 1094 1692 1156; x_wconf 77' lang='lat' dir='ltr'><strong>emendatione,</strong></span> 
     </span>
     <span class='ocr_line' id='line_1_10' title="bbox 633 1171 1691 1236; baseline 0 -16"><span class='ocrx_word' id='word_1_46' title='bbox 633 1171 690 1220; x_wconf 86' lang='lat' dir='ltr'><strong>in</strong></span> <span class='ocrx_word' id='word_1_47' title='bbox 727 1171 818 1221; x_wconf 83' lang='lat' dir='ltr'><strong>illo</strong></span> <span class='ocrx_word' id='word_1_48' title='bbox 854 1186 1030 1234; x_wconf 85' lang='lat' dir='ltr'><strong>versu,</strong></span> <span class='ocrx_word' id='word_1_49' title='bbox 1057 1172 1146 1236; x_wconf 82' lang='lat' dir='ltr'><strong>qui</strong></span> <span class='ocrx_word' id='word_1_50' title='bbox 1187 1178 1268 1222; x_wconf 78' lang='lat' dir='ltr'><strong>est</strong></span> <span class='ocrx_word' id='word_1_51' title='bbox 1293 1177 1343 1222; x_wconf 77' lang='grc'><strong>6.</strong></span> <span class='ocrx_word' id='word_1_52' title='bbox 1380 1174 1526 1221; x_wconf 75' lang='lat'>1215.</span> <span class='ocrx_word' id='word_1_53' title='bbox 1587 1171 1691 1220; x_wconf 70' lang='lat' dir='ltr'><strong>Ant</strong></span> 
     </span>
     <span class='ocr_line' id='line_1_11' title="bbox 630 1247 1694 1318; baseline 0.002 -22"><span class='ocrx_word' id='word_1_54' title='bbox 630 1250 796 1318; x_wconf 69' lang='lat' dir='ltr'><strong>procul</strong></span> <span class='ocrx_word' id='word_1_55' title='bbox 809 1247 1074 1312; x_wconf 55' lang='lat' dir='ltr'><strong>abnuebat,</strong></span> <span class='ocrx_word' id='word_1_56' title='bbox 1083 1254 1134 1297; x_wconf 76' lang='lat' dir='ltr'><strong>ut</strong></span> <span class='ocrx_word' id='word_1_57' title='bbox 1149 1262 1305 1298; x_wconf 80' lang='lat' dir='ltr'><strong>acrem</strong></span> <span class='ocrx_word' id='word_1_58' title='bbox 1315 1247 1466 1297; x_wconf 71' lang='lat' dir='ltr'><strong>exiret</strong></span> <span class='ocrx_word' id='word_1_59' title='bbox 1481 1251 1694 1311; x_wconf 72' lang='lat' dir='ltr'><strong>odorent,</strong></span> 
     </span>
     <span class='ocr_line' id='line_1_12' title="bbox 634 1323 1695 1389; baseline -0.002 -15"><span class='ocrx_word' id='word_1_60' title='bbox 634 1339 734 1389; x_wconf 90' lang='lat' dir='ltr'><strong>pro</strong></span> <span class='ocrx_word' id='word_1_61' title='bbox 757 1338 858 1389; x_wconf 88' lang='lat' dir='ltr'><strong>quo</strong></span> <span class='ocrx_word' id='word_1_62' title='bbox 875 1324 996 1374; x_wconf 83' lang='lat' dir='ltr'><strong>libri</strong></span> <span class='ocrx_word' id='word_1_63' title='bbox 1019 1339 1194 1374; x_wconf 83' lang='lat' dir='ltr'><strong>omnes</strong></span> <span class='ocrx_word' id='word_1_64' title='bbox 1217 1324 1425 1386; x_wconf 83' lang='lat' dir='ltr'><strong>habent,</strong></span> <span class='ocrx_word' id='word_1_65' title='bbox 1448 1323 1550 1372; x_wconf 74' lang='lat' dir='ltr'><strong>Aut</strong></span> <span class='ocrx_word' id='word_1_66' title='bbox 1580 1338 1695 1386; x_wconf 81' lang='lat' dir='ltr'><strong>pro·</strong></span> 
     </span>
     <span class='ocr_line' id='line_1_13' title="bbox 633 1399 1689 1463; baseline -0.002 -13"><span class='ocrx_word' id='word_1_67' title='bbox 633 1401 711 1450; x_wconf 72' lang='lat' dir='ltr'><strong>cul</strong></span> <span class='ocrx_word' id='word_1_68' title='bbox 729 1399 995 1463; x_wconf 61' lang='lat' dir='ltr'><strong>emicone,</strong></span> <span class='ocrx_word' id='word_1_69' title='bbox 1023 1405 1078 1450; x_wconf 73' lang='lat' dir='ltr'><strong>ut</strong></span> <span class='ocrx_word' id='word_1_70' title='bbox 1098 1415 1252 1450; x_wconf 81' lang='lat' dir='ltr'><strong>acrem</strong></span> <span class='ocrx_word' id='word_1_71' title='bbox 1272 1402 1455 1450; x_wconf 71' lang='lat' dir='ltr'><strong>exciret</strong></span> <span class='ocrx_word' id='word_1_72' title='bbox 1489 1402 1689 1448; x_wconf 79' lang='lat' dir='ltr'><strong>odorem.</strong></span> 
     </span>
     <span class='ocr_line' id='line_1_14' title="bbox 631 1476 1695 1528; baseline -0.002 -1"><span class='ocrx_word' id='word_1_73' title='bbox 631 1491 1039 1528; x_wconf 77' lang='lat' dir='ltr'><strong>commemorans</strong></span> <span class='ocrx_word' id='word_1_74' title='bbox 1081 1478 1238 1528; x_wconf 81' lang='lat' dir='ltr'><strong>verbu</strong></span> <span class='ocrx_word' id='word_1_75' title='bbox 1282 1477 1374 1527; x_wconf 86' lang='lat' dir='ltr'><strong>illa</strong></span> <span class='ocrx_word' id='word_1_76' title='bbox 1429 1476 1695 1528; x_wconf 84' lang='lat' dir='ltr'><strong>Ciceronis</strong></span> 
     </span>
     <span class='ocr_line' id='line_1_15' title="bbox 634 1551 1693 1616; baseline 0.002 -16"><span class='ocrx_word' id='word_1_77' title='bbox 634 1552 692 1600; x_wconf 83' lang='lat' dir='ltr'><strong>in</strong></span> <span class='ocrx_word' id='word_1_78' title='bbox 714 1553 1022 1603; x_wconf 75' lang='lat' dir='ltr'><strong>Catilium-ia</strong></span> <span class='ocrx_word' id='word_1_79' title='bbox 1045 1551 1231 1616; x_wconf 81' lang='lat' dir='ltr'><strong>prima,</strong></span> <span class='ocrx_word' id='word_1_80' title='bbox 1251 1552 1328 1602; x_wconf 84' lang='lat' dir='ltr'><strong>ait</strong></span> <span class='ocrx_word' id='word_1_81' title='bbox 1348 1565 1404 1600; x_wconf 76' lang='lat' dir='ltr'><strong>se</strong></span> <span class='ocrx_word' id='word_1_82' title='bbox 1425 1552 1500 1602; x_wconf 79' lang='lat' dir='ltr'><strong>ita</strong></span> <span class='ocrx_word' id='word_1_83' title='bbox 1517 1565 1693 1602; x_wconf 87' lang='lat' dir='ltr'><strong>emen-</strong></span> 
     </span>
     <span class='ocr_line' id='line_1_16' title="bbox 635 1627 1697 1692; baseline -0.001 -15"><span class='ocrx_word' id='word_1_84' title='bbox 635 1628 806 1690; x_wconf 74' lang='lat' dir='ltr'><strong>dasse,</strong></span> <span class='ocrx_word' id='word_1_85' title='bbox 835 1631 852 1657; x_wconf 89' lang='lat'>‘</span> <span class='ocrx_word' id='word_1_86' title='bbox 868 1629 1010 1680; x_wconf 86' lang='lat' dir='ltr'><strong>Quot</strong></span> <span class='ocrx_word' id='word_1_87' title='bbox 1033 1641 1134 1690; x_wconf 83' lang='lat' dir='ltr'><strong>ego</strong></span> <span class='ocrx_word' id='word_1_88' title='bbox 1168 1634 1285 1677; x_wconf 79' lang='lat' dir='ltr'><strong>tuas</strong></span> <span class='ocrx_word' id='word_1_89' title='bbox 1308 1627 1697 1692; x_wconf 78' lang='lat' dir='ltr'><strong>petitiones,ita</strong></span> 
     </span>
     <span class='ocr_line' id='line_1_17' title="bbox 635 1703 1695 1766; baseline 0 -14"><span class='ocrx_word' id='word_1_90' title='bbox 635 1703 921 1766; x_wconf 80' lang='lat' dir='ltr'><strong>conjectas,</strong></span> <span class='ocrx_word' id='word_1_91' title='bbox 943 1709 1001 1752; x_wconf 86' lang='lat' dir='ltr'><strong>nt</strong></span> <span class='ocrx_word' id='word_1_92' title='bbox 1034 1703 1191 1753; x_wconf 79' lang='lat' dir='ltr'><strong>vitari</strong></span> <span class='ocrx_word' id='word_1_93' title='bbox 1227 1717 1379 1766; x_wconf 75' lang='lat' dir='ltr'><strong>posse</strong></span> <span class='ocrx_word' id='word_1_94' title='bbox 1413 1717 1515 1752; x_wconf 86' lang='lat' dir='ltr'><strong>non</strong></span> <span class='ocrx_word' id='word_1_95' title='bbox 1551 1703 1695 1752; x_wconf 83' lang='lat' dir='ltr'><strong>vide-</strong></span> 
     </span>
     <span class='ocr_line' id='line_1_18' title="bbox 633 1779 1695 1843; baseline 0.001 -16"><span class='ocrx_word' id='word_1_96' title='bbox 633 1785 835 1841; x_wconf 82' lang='lat' dir='ltr'><strong>rentur,</strong></span> <span class='ocrx_word' id='word_1_97' title='bbox 877 1793 1036 1842; x_wconf 84' lang='lat' dir='ltr'><strong>parva</strong></span> <span class='ocrx_word' id='word_1_98' title='bbox 1068 1780 1291 1843; x_wconf 85' lang='lat' dir='ltr'><strong>quadam</strong></span> <span class='ocrx_word' id='word_1_99' title='bbox 1325 1779 1695 1841; x_wconf 80' lang='lat' dir='ltr'><strong>declinatione,</strong></span> 
     </span>
     <span class='ocr_line' id='line_1_19' title="bbox 635 1853 1695 1918; baseline 0.001 -15"><span class='ocrx_word' id='word_1_100' title='bbox 635 1860 712 1914; x_wconf 90' lang='lat' dir='ltr'><strong>et,</strong></span> <span class='ocrx_word' id='word_1_101' title='bbox 733 1860 793 1903; x_wconf 89' lang='lat' dir='ltr'><strong>ut</strong></span> <span class='ocrx_word' id='word_1_102' title='bbox 811 1855 973 1918; x_wconf 87' lang='lat' dir='ltr'><strong>aiunt,</strong></span> <span class='ocrx_word' id='word_1_103' title='bbox 999 1868 1216 1918; x_wconf 86' lang='lat' dir='ltr'><strong>corpore</strong></span> <span class='ocrx_word' id='word_1_104' title='bbox 1235 1855 1432 1905; x_wconf 75' lang='lat' dir='ltr'><strong>excessi</strong></span> <span class='ocrx_word' id='word_1_105' title='bbox 1452 1853 1494 1904; x_wconf 81' lang='lat'><strong>?&#39;</strong></span> <span class='ocrx_word' id='word_1_106' title='bbox 1523 1856 1695 1907; x_wconf 85' lang='lat' dir='ltr'><strong>Quam</strong></span> 
     </span>
     <span class='ocr_line' id='line_1_20' title="bbox 637 1930 1696 1996; baseline 0 -16"><span class='ocrx_word' id='word_1_107' title='bbox 637 1930 969 1993; x_wconf 81' lang='lat' dir='ltr'><strong>scripturam,</strong></span> <span class='ocrx_word' id='word_1_108' title='bbox 1009 1932 1244 1996; x_wconf 82' lang='lat' dir='ltr'><strong>quamvis</strong></span> <span class='ocrx_word' id='word_1_109' title='bbox 1289 1945 1393 1981; x_wconf 86' lang='lat' dir='ltr'><strong>uon</strong></span> <span class='ocrx_word' id='word_1_110' title='bbox 1437 1931 1696 1993; x_wconf 84' lang='lat' dir='ltr'><strong>damnem,</strong></span> 
     </span>
     <span class='ocr_line' id='line_1_21' title="bbox 634 2007 1696 2071; baseline 0.001 -16"><span class='ocrx_word' id='word_1_111' title='bbox 634 2007 927 2071; x_wconf 76' lang='lat' dir='ltr'><strong>proesertim</strong></span> <span class='ocrx_word' id='word_1_112' title='bbox 953 2021 1070 2057; x_wconf 89' lang='lat' dir='ltr'><strong>cum</strong></span> <span class='ocrx_word' id='word_1_113' title='bbox 1092 2020 1122 2055; x_wconf 81' lang='lat' dir='ltr'><strong>a</strong></span> <span class='ocrx_word' id='word_1_114' title='bbox 1153 2015 1371 2071; x_wconf 85' lang='lat' dir='ltr'><strong>recepta</strong></span> <span class='ocrx_word' id='word_1_115' title='bbox 1403 2009 1456 2056; x_wconf 79' lang='lat' dir='ltr'><strong>in</strong></span> <span class='ocrx_word' id='word_1_116' title='bbox 1478 2007 1574 2058; x_wconf 81' lang='lat' dir='ltr'><strong>hoc</strong></span> <span class='ocrx_word' id='word_1_117' title='bbox 1591 2021 1696 2056; x_wconf 85' lang='lat' dir='ltr'><strong>uno</strong></span> 
     </span>
     <span class='ocr_line' id='line_1_22' title="bbox 635 2083 1696 2148; baseline 0.002 -15"><span class='ocrx_word' id='word_1_118' title='bbox 635 2083 921 2147; x_wconf 76' lang='lat' dir='ltr'><strong>discrepet,</strong></span> <span class='ocrx_word' id='word_1_119' title='bbox 939 2083 1077 2148; x_wconf 87' lang='lat' dir='ltr'><strong>quod</strong></span> <span class='ocrx_word' id='word_1_120' title='bbox 1100 2085 1280 2134; x_wconf 67' lang='lat' dir='ltr'><strong>excessi</strong></span> <span class='ocrx_word' id='word_1_121' title='bbox 1295 2091 1580 2147; x_wconf 81' lang='lat' dir='ltr'><strong>reponatur</strong></span> <span class='ocrx_word' id='word_1_122' title='bbox 1603 2098 1696 2148; x_wconf 88' lang='lat' dir='ltr'><strong>pro</strong></span> 
     </span>
     <span class='ocr_line' id='line_1_23' title="bbox 632 2159 1697 2226; baseline 0.002 -17"><span class='ocrx_word' id='word_1_123' title='bbox 632 2159 820 2223; x_wconf 75' lang='lat' dir='ltr'><strong>effug-i,-</strong></span> <span class='ocrx_word' id='word_1_124' title='bbox 851 2167 1068 2226; x_wconf 84' lang='lat' dir='ltr'><strong>recepta</strong></span> <span class='ocrx_word' id='word_1_125' title='bbox 1092 2169 1266 2211; x_wconf 82' lang='lat' dir='ltr'><strong>autem</strong></span> <span class='ocrx_word' id='word_1_126' title='bbox 1299 2162 1454 2210; x_wconf 83' lang='lat' dir='ltr'><strong>lectio</strong></span> <span class='ocrx_word' id='word_1_127' title='bbox 1488 2162 1541 2210; x_wconf 89' lang='lat' dir='ltr'><strong>in</strong></span> <span class='ocrx_word' id='word_1_128' title='bbox 1565 2175 1697 2211; x_wconf 86' lang='lat' dir='ltr'><strong>voce</strong></span> 
     </span>
     <span class='ocr_line' id='line_1_24' title="bbox 634 2237 1695 2302; baseline 0 -16"><span class='ocrx_word' id='word_1_129' title='bbox 634 2250 825 2298; x_wconf 80' lang='lat' dir='ltr'><strong>corpore</strong></span> <span class='ocrx_word' id='word_1_130' title='bbox 846 2251 948 2286; x_wconf 87' lang='lat' dir='ltr'><strong>non</strong></span> <span class='ocrx_word' id='word_1_131' title='bbox 971 2239 1134 2300; x_wconf 81' lang='lat' dir='ltr'><strong>possit</strong></span> <span class='ocrx_word' id='word_1_132' title='bbox 1149 2237 1401 2300; x_wconf 72' lang='lat' dir='ltr'><strong>damnari,</strong></span> <span class='ocrx_word' id='word_1_133' title='bbox 1418 2239 1556 2302; x_wconf 87' lang='lat' dir='ltr'><strong>quod</strong></span> <span class='ocrx_word' id='word_1_134' title='bbox 1579 2251 1695 2287; x_wconf 88' lang='lat' dir='ltr'><strong>eam</strong></span> 
     </span>
     <span class='ocr_line' id='line_1_25' title="bbox 634 2311 1695 2378; baseline 0.003 -20"><span class='ocrx_word' id='word_1_135' title='bbox 634 2311 884 2373; x_wconf 78' lang='lat' dir='ltr'><strong>Virgilius</strong></span> <span class='ocrx_word' id='word_1_136' title='bbox 915 2311 1190 2361; x_wconf 83' lang='lat' dir='ltr'><strong>confirmet</strong></span> <span class='ocrx_word' id='word_1_137' title='bbox 1211 2313 1266 2361; x_wconf 86' lang='lat' dir='ltr'><strong>in</strong></span> <span class='ocrx_word' id='word_1_138' title='bbox 1291 2327 1443 2362; x_wconf 85' lang='lat' dir='ltr'><strong>versu</strong></span> <span class='ocrx_word' id='word_1_139' title='bbox 1475 2313 1583 2376; x_wconf 89' lang='lat' dir='ltr'><strong>illo,</strong></span> <span class='ocrx_word' id='word_1_140' title='bbox 1608 2313 1695 2378; x_wconf 87' lang='lat' dir='ltr'><strong>qui</strong></span> 
     </span>
     <span class='ocr_line' id='line_1_26' title="bbox 635 2388 1695 2450; baseline 0.005 -16"><span class='ocrx_word' id='word_1_141' title='bbox 635 2391 717 2435; x_wconf 72' lang='lat' dir='ltr'><strong>est</strong></span> <span class='ocrx_word' id='word_1_142' title='bbox 738 2391 787 2435; x_wconf 77' lang='lat'><strong>6.</strong></span> <span class='ocrx_word' id='word_1_143' title='bbox 817 2389 933 2437; x_wconf 74' lang='grc'><strong>438.</strong></span> <span class='ocrx_word' id='word_1_144' title='bbox 987 2389 1002 2414; x_wconf 88' lang='lat'>‘</span> <span class='ocrx_word' id='word_1_145' title='bbox 1023 2388 1257 2450; x_wconf 82' lang='lat' dir='ltr'><strong>Corpore</strong></span> <span class='ocrx_word' id='word_1_146' title='bbox 1281 2389 1388 2437; x_wconf 84' lang='lat' dir='ltr'><strong>tela</strong></span> <span class='ocrx_word' id='word_1_147' title='bbox 1411 2389 1581 2450; x_wconf 90' lang='lat' dir='ltr'><strong>modo,</strong></span> <span class='ocrx_word' id='word_1_148' title='bbox 1617 2396 1695 2439; x_wconf 88' lang='lat' dir='ltr'><strong>at·</strong></span> 
     </span>
     <span class='ocr_line' id='line_1_27' title="bbox 636 2461 1694 2526; baseline 0.006 -16"><span class='ocrx_word' id='word_1_149' title='bbox 636 2475 740 2526; x_wconf 87' lang='lat' dir='ltr'><strong>qne</strong></span> <span class='ocrx_word' id='word_1_150' title='bbox 775 2463 936 2511; x_wconf 81' lang='lat' dir='ltr'><strong>oculis</strong></span> <span class='ocrx_word' id='word_1_151' title='bbox 959 2461 1290 2524; x_wconf 72' lang='lat' dir='ltr'><strong>vigilantibus</strong></span> <span class='ocrx_word' id='word_1_152' title='bbox 1313 2464 1422 2512; x_wconf 80' lang='lat' dir='ltr'><strong>exit</strong></span> <span class='ocrx_word' id='word_1_153' title='bbox 1439 2463 1472 2513; x_wconf 72' lang='grc' dir='ltr'><strong>ι’</strong></span> <span class='ocrx_word' id='word_1_154' title='bbox 1517 2472 1694 2516; x_wconf 84' lang='lat' dir='ltr'><strong>movet</strong></span> 
     </span>
     <span class='ocr_line' id='line_1_28' title="bbox 636 2538 1693 2602; baseline 0.001 -13"><span class='ocrx_word' id='word_1_155' title='bbox 636 2553 720 2589; x_wconf 87' lang='lat' dir='ltr'><strong>me</strong></span> <span class='ocrx_word' id='word_1_156' title='bbox 757 2544 927 2586; x_wconf 85' lang='lat' dir='ltr'><strong>tamen</strong></span> <span class='ocrx_word' id='word_1_157' title='bbox 966 2538 1141 2598; x_wconf 81' lang='lat' dir='ltr'><strong>litura,</strong></span> <span class='ocrx_word' id='word_1_158' title='bbox 1171 2553 1286 2602; x_wconf 74' lang='lat' dir='ltr'><strong>qum</strong></span> <span class='ocrx_word' id='word_1_159' title='bbox 1321 2544 1404 2588; x_wconf 78' lang='lat' dir='ltr'><strong>est</strong></span> <span class='ocrx_word' id='word_1_160' title='bbox 1436 2539 1486 2588; x_wconf 89' lang='lat' dir='ltr'><strong>iu</strong></span> <span class='ocrx_word' id='word_1_161' title='bbox 1510 2539 1693 2590; x_wconf 89' lang='lat' dir='ltr'><strong>codice</strong></span> 
     </span>
     <span class='ocr_line' id='line_1_29' title="bbox 638 2613 1694 2677; baseline 0.003 -14"><span class='ocrx_word' id='word_1_162' title='bbox 638 2613 1010 2677; x_wconf 79' lang='lat' dir='ltr'><strong>manuscripto.</strong></span> <span class='ocrx_word' id='word_1_163' title='bbox 1075 2614 1344 2664; x_wconf 61' lang='lat' dir='ltr'><strong>Pru-terea</strong></span> <span class='ocrx_word' id='word_1_164' title='bbox 1377 2615 1505 2665; x_wconf 81' lang='lat' dir='ltr'><strong>illud</strong></span> <span class='ocrx_word' id='word_1_165' title='bbox 1549 2618 1694 2668; x_wconf 80' lang='lat' dir='ltr'><strong>decli·</strong></span> 
     </span>
     <span class='ocr_line' id='line_1_30' title="bbox 635 2690 1695 2756; baseline 0.004 -16"><span class='ocrx_word' id='word_1_166' title='bbox 635 2690 826 2741; x_wconf 65' lang='grc' dir='ltr'><strong>παίσω</strong></span> <span class='ocrx_word' id='word_1_167' title='bbox 862 2693 1090 2756; x_wconf 77' lang='lat' dir='ltr'><strong>corporis,</strong></span> <span class='ocrx_word' id='word_1_168' title='bbox 1127 2693 1278 2744; x_wconf 82' lang='lat' dir='ltr'><strong>valde</strong></span> <span class='ocrx_word' id='word_1_169' title='bbox 1319 2695 1442 2744; x_wconf 83' lang='lat' dir='ltr'><strong>mihi</strong></span> <span class='ocrx_word' id='word_1_170' title='bbox 1487 2695 1695 2745; x_wconf 84' lang='lat' dir='ltr'><strong>videtur</strong></span> 
     </span>
     <span class='ocr_line' id='line_1_31' title="bbox 635 2767 1696 2833; baseline 0.007 -19"><span class='ocrx_word' id='word_1_171' title='bbox 635 2767 830 2817; x_wconf 68' lang='lat' dir='ltr'><strong>usitate</strong></span> <span class='ocrx_word' id='word_1_172' title='bbox 847 2767 1065 2830; x_wconf 84' lang='lat' dir='ltr'><strong>dictum,</strong></span> <span class='ocrx_word' id='word_1_173' title='bbox 1081 2775 1135 2818; x_wconf 90' lang='lat' dir='ltr'><strong>et</strong></span> <span class='ocrx_word' id='word_1_174' title='bbox 1147 2768 1520 2833; x_wconf 77' lang='lat' dir='ltr'><strong>significanter.</strong></span> <span class='ocrx_word' id='word_1_175' title='bbox 1551 2773 1696 2821; x_wconf 81' lang='lat' dir='ltr'><strong>Prae·</strong></span> 
     </span>
     <span class='ocr_line' id='line_1_32' title="bbox 638 2846 1694 2912; baseline 0.004 -18"><span class='ocrx_word' id='word_1_176' title='bbox 638 2851 787 2894; x_wconf 85' lang='lat' dir='ltr'><strong>terea</strong></span> <span class='ocrx_word' id='word_1_177' title='bbox 804 2846 930 2896; x_wconf 79' lang='lat' dir='ltr'><strong>illud</strong></span> <span class='ocrx_word' id='word_1_178' title='bbox 955 2849 1133 2898; x_wconf 71' lang='lat' dir='ltr'><strong>excessi</strong></span> <span class='ocrx_word' id='word_1_179' title='bbox 1171 2862 1267 2911; x_wconf 85' lang='lat' dir='ltr'><strong>pro</strong></span> <span class='ocrx_word' id='word_1_180' title='bbox 1303 2849 1448 2912; x_wconf 76' lang='lat' dir='ltr'><strong>evasi,</strong></span> <span class='ocrx_word' id='word_1_181' title='bbox 1483 2855 1540 2898; x_wconf 88' lang='lat' dir='ltr'><strong>ut</strong></span> <span class='ocrx_word' id='word_1_182' title='bbox 1565 2855 1694 2912; x_wconf 87' lang='lat' dir='ltr'><strong>puto</strong></span> 
     </span>
     <span class='ocr_line' id='line_1_33' title="bbox 635 2921 1694 2986; baseline 0.003 -17"><span class='ocrx_word' id='word_1_183' title='bbox 635 2921 916 2984; x_wconf 75' lang='lat' dir='ltr'><strong>legendum</strong></span> <span class='ocrx_word' id='word_1_184' title='bbox 941 2936 1006 2971; x_wconf 85' lang='lat' dir='ltr'><strong>ex</strong></span> <span class='ocrx_word' id='word_1_185' title='bbox 1031 2923 1256 2986; x_wconf 86' lang='lat' dir='ltr'><strong>antiquae</strong></span> <span class='ocrx_word' id='word_1_186' title='bbox 1282 2924 1554 2986; x_wconf 64' lang='lat' dir='ltr'><strong>scripturae</strong></span> <span class='ocrx_word' id='word_1_187' title='bbox 1579 2938 1694 2973; x_wconf 84' lang='lat' dir='ltr'><strong>ves-</strong></span> 
     </span>
     <span class='ocr_line' id='line_1_34' title="bbox 640 2997 1693 3062; baseline 0.004 -17"><span class='ocrx_word' id='word_1_188' title='bbox 640 2997 798 3060; x_wconf 80' lang='lat' dir='ltr'><strong>tigiis,</strong></span> <span class='ocrx_word' id='word_1_189' title='bbox 820 3007 910 3046; x_wconf 88' lang='lat' dir='ltr'><strong>aut</strong></span> <span class='ocrx_word' id='word_1_190' title='bbox 927 2997 1100 3061; x_wconf 75' lang='lat' dir='ltr'><strong>effugi,</strong></span> <span class='ocrx_word' id='word_1_191' title='bbox 1126 3003 1185 3046; x_wconf 87' lang='lat' dir='ltr'><strong>ut</strong></span> <span class='ocrx_word' id='word_1_192' title='bbox 1207 2997 1400 3048; x_wconf 81' lang='lat' dir='ltr'><strong>habent</strong></span> <span class='ocrx_word' id='word_1_193' title='bbox 1423 2999 1540 3048; x_wconf 88' lang='lat' dir='ltr'><strong>libri</strong></span> <span class='ocrx_word' id='word_1_194' title='bbox 1558 3000 1693 3062; x_wconf 79' lang='lat' dir='ltr'><strong>vulg.</strong></span> 
     </span>
     <span class='ocr_line' id='line_1_35' title="bbox 637 3071 1693 3139; baseline 0.005 -18"><span class='ocrx_word' id='word_1_195' title='bbox 637 3079 694 3122; x_wconf 90' lang='lat' dir='ltr'><strong>et</strong></span> <span class='ocrx_word' id='word_1_196' title='bbox 713 3075 944 3127; x_wconf 82' lang='lat' dir='ltr'><strong>nonnulli</strong></span> <span class='ocrx_word' id='word_1_197' title='bbox 959 3081 1064 3124; x_wconf 86' lang='lat' dir='ltr'><strong>vet.</strong></span> <span class='ocrx_word' id='word_1_198' title='bbox 1088 3071 1434 3126; x_wconf 82' lang='lat' dir='ltr'><strong>duriusculum</strong></span> <span class='ocrx_word' id='word_1_199' title='bbox 1458 3081 1541 3126; x_wconf 85' lang='lat' dir='ltr'><strong>est</strong></span> <span class='ocrx_word' id='word_1_200' title='bbox 1556 3077 1693 3139; x_wconf 88' lang='lat' dir='ltr'><strong>apud</strong></span> 
     </span>
     <span class='ocr_line' id='line_1_36' title="bbox 637 3149 1693 3217; baseline 0.003 -18"><span class='ocrx_word' id='word_1_201' title='bbox 637 3149 975 3201; x_wconf 81' lang='lat' dir='ltr'><strong>Ciceronem:</strong></span> <span class='ocrx_word' id='word_1_202' title='bbox 1009 3165 1178 3216; x_wconf 86' lang='lat' dir='ltr'><strong>neque</strong></span> <span class='ocrx_word' id='word_1_203' title='bbox 1203 3151 1255 3201; x_wconf 89' lang='lat' dir='ltr'><strong>id</strong></span> <span class='ocrx_word' id='word_1_204' title='bbox 1291 3150 1448 3202; x_wconf 80' lang='lat' dir='ltr'><strong>facile</strong></span> <span class='ocrx_word' id='word_1_205' title='bbox 1481 3167 1693 3217; x_wconf 83' lang='lat' dir='ltr'><strong>recepe-</strong></span> 
     </span>
     <span class='ocr_line' id='line_1_37' title="bbox 634 3225 1693 3293; baseline 0.005 -21"><span class='ocrx_word' id='word_1_206' title='bbox 634 3225 752 3287; x_wconf 83' lang='lat' dir='ltr'><strong>rim,</strong></span> <span class='ocrx_word' id='word_1_207' title='bbox 766 3225 865 3275; x_wconf 83' lang='lat' dir='ltr'><strong>nisi</strong></span> <span class='ocrx_word' id='word_1_208' title='bbox 875 3233 1024 3276; x_wconf 87' lang='lat' dir='ltr'><strong>vetus</strong></span> <span class='ocrx_word' id='word_1_209' title='bbox 1040 3227 1204 3278; x_wconf 85' lang='lat' dir='ltr'><strong>codex</strong></span> <span class='ocrx_word' id='word_1_210' title='bbox 1217 3229 1542 3293; x_wconf 85' lang='lat' dir='ltr'><strong>comprobet.</strong></span> <span class='ocrx_word' id='word_1_211' title='bbox 1556 3230 1693 3279; x_wconf 83' lang='lat' dir='ltr'><strong>Nam</strong></span> 
     </span>
     <span class='ocr_line' id='line_1_38' title="bbox 636 3299 1694 3370; baseline 0.007 -22"><span class='ocrx_word' id='word_1_212' title='bbox 636 3299 681 3348; x_wconf 84' lang='lat' dir='ltr'><strong>si</strong></span> <span class='ocrx_word' id='word_1_213' title='bbox 695 3302 769 3351; x_wconf 85' lang='lat' dir='ltr'><strong>ita</strong></span> <span class='ocrx_word' id='word_1_214' title='bbox 783 3303 1035 3366; x_wconf 83' lang='lat' dir='ltr'><strong>scriptum</strong></span> <span class='ocrx_word' id='word_1_215' title='bbox 1049 3306 1196 3354; x_wconf 87' lang='lat' dir='ltr'><strong>estin</strong></span> <span class='ocrx_word' id='word_1_216' title='bbox 1213 3312 1317 3356; x_wconf 79' lang='lat' dir='ltr'><strong>vet.</strong></span> <span class='ocrx_word' id='word_1_217' title='bbox 1343 3307 1546 3370; x_wconf 90' lang='lat' dir='ltr'><strong>codice,</strong></span> <span class='ocrx_word' id='word_1_218' title='bbox 1567 3307 1694 3356; x_wconf 81' lang='lat' dir='ltr'><strong>nihil</strong></span> 
     </span>
     <span class='ocr_line' id='line_1_39' title="bbox 637 3378 1695 3446; baseline 0.006 -21"><span class='ocrx_word' id='word_1_219' title='bbox 637 3390 807 3427; x_wconf 81' lang='lat' dir='ltr'><strong>causae</strong></span> <span class='ocrx_word' id='word_1_220' title='bbox 830 3378 969 3441; x_wconf 88' lang='lat' dir='ltr'><strong>dico,</strong></span> <span class='ocrx_word' id='word_1_221' title='bbox 993 3380 1137 3443; x_wconf 88' lang='lat' dir='ltr'><strong>quin,</strong></span> <span class='ocrx_word' id='word_1_222' title='bbox 1153 3382 1388 3432; x_wconf 81' lang='lat' dir='ltr'><strong>omnibus</strong></span> <span class='ocrx_word' id='word_1_223' title='bbox 1402 3383 1514 3432; x_wconf 86' lang='lat' dir='ltr'><strong>aliis</strong></span> <span class='ocrx_word' id='word_1_224' title='bbox 1531 3384 1695 3446; x_wconf 88' lang='lat' dir='ltr'><strong>scrip·</strong></span> 
     </span>
     <span class='ocr_line' id='line_1_40' title="bbox 637 3454 1693 3521; baseline 0.009 -21"><span class='ocrx_word' id='word_1_225' title='bbox 637 3454 768 3503; x_wconf 77' lang='lat' dir='ltr'><strong>turis</strong></span> <span class='ocrx_word' id='word_1_226' title='bbox 785 3461 839 3503; x_wconf 88' lang='lat' dir='ltr'><strong>et</strong></span> <span class='ocrx_word' id='word_1_227' title='bbox 851 3456 1161 3519; x_wconf 85' lang='lat' dir='ltr'><strong>conjecturis</strong></span> <span class='ocrx_word' id='word_1_228' title='bbox 1181 3459 1408 3521; x_wconf 75' lang='lat' dir='ltr'><strong>rejectis,</strong></span> <span class='ocrx_word' id='word_1_229' title='bbox 1433 3459 1507 3508; x_wconf 77' lang='lat' dir='ltr'><strong>ita</strong></span> <span class='ocrx_word' id='word_1_230' title='bbox 1529 3460 1595 3509; x_wconf 86' lang='lat' dir='ltr'><strong>sit</strong></span> <span class='ocrx_word' id='word_1_231' title='bbox 1616 3461 1693 3509; x_wconf 85' lang='lat' dir='ltr'><strong>le·</strong></span> 
     </span>
     <span class='ocr_line' id='line_1_41' title="bbox 637 3528 1693 3592; baseline 0.007 -15"><span class='ocrx_word' id='word_1_232' title='bbox 637 3528 877 3592; x_wconf 77' lang='lat' dir='ltr'><strong>gendum.</strong></span> <span class='ocrx_word' id='word_1_233' title='bbox 917 3530 1047 3580; x_wconf 88' lang='lat' dir='ltr'><strong>Mihi</strong></span> <span class='ocrx_word' id='word_1_234' title='bbox 1085 3533 1220 3581; x_wconf 86' lang='lat' dir='ltr'><strong>enim</strong></span> <span class='ocrx_word' id='word_1_235' title='bbox 1257 3533 1426 3582; x_wconf 84' lang='lat' dir='ltr'><strong>carior</strong></span> <span class='ocrx_word' id='word_1_236' title='bbox 1454 3542 1538 3584; x_wconf 77' lang='lat' dir='ltr'><strong>est</strong></span> <span class='ocrx_word' id='word_1_237' title='bbox 1558 3535 1693 3584; x_wconf 81' lang='lat' dir='ltr'><strong>veri·</strong></span> 
     </span>
     <span class='ocr_line' id='line_1_42' title="bbox 638 3607 1691 3675; baseline 0.009 -22"><span class='ocrx_word' id='word_1_238' title='bbox 638 3612 738 3668; x_wconf 81' lang='lat' dir='ltr'><strong>tas,</strong></span> <span class='ocrx_word' id='word_1_239' title='bbox 761 3612 816 3654; x_wconf 89' lang='lat' dir='ltr'><strong>et</strong></span> <span class='ocrx_word' id='word_1_240' title='bbox 841 3607 1050 3672; x_wconf 86' lang='lat' dir='ltr'><strong>antiqua</strong></span> <span class='ocrx_word' id='word_1_241' title='bbox 1085 3611 1358 3673; x_wconf 85' lang='lat' dir='ltr'><strong>scriptura,</strong></span> <span class='ocrx_word' id='word_1_242' title='bbox 1402 3613 1691 3675; x_wconf 83' lang='lat' dir='ltr'><strong>praesertim</strong></span> 
     </span>
     <span class='ocr_line' id='line_1_43' title="bbox 569 3681 1694 3752; baseline 0.011 -25"><span class='ocrx_word' id='word_1_243' title='bbox 569 3738 580 3750; x_wconf 42' lang='lat'>⁸</span> <span class='ocrx_word' id='word_1_244' title='bbox 637 3681 941 3743; x_wconf 74' lang='lat' dir='ltr'><strong>probabilis,</strong></span> <span class='ocrx_word' id='word_1_245' title='bbox 965 3699 1115 3748; x_wconf 87' lang='lat' dir='ltr'><strong>quam</strong></span> <span class='ocrx_word' id='word_1_246' title='bbox 1138 3700 1270 3736; x_wconf 80' lang='lat' dir='ltr'><strong>meae</strong></span> <span class='ocrx_word' id='word_1_247' title='bbox 1295 3703 1473 3746; x_wconf 79' lang='lat' dir='ltr'><strong>omnes</strong></span> <span class='ocrx_word' id='word_1_248' title='bbox 1487 3687 1694 3752; x_wconf 84' lang='lat' dir='ltr'><strong>conjec-</strong></span> 
     </span>
    </p>

    <p class='ocr_par' dir='ltr' id='par_1_3' title="bbox 637 3760 1635 3824">
     <span class='ocr_line' id='line_1_44' title="bbox 637 3760 1635 3824; baseline 0.016 -20"><span class='ocrx_word' id='word_1_249' title='bbox 637 3763 775 3806; x_wconf 78' lang='lat' dir='ltr'><strong>turae</strong></span> <span class='ocrx_word' id='word_1_250' title='bbox 798 3764 854 3807; x_wconf 87' lang='lat' dir='ltr'><strong>et</strong></span> <span class='ocrx_word' id='word_1_251' title='bbox 873 3760 1240 3824; x_wconf 72' lang='lat' dir='ltr'><strong>cogitationes.</strong></span> <span class='ocrx_word' id='word_1_252' title='bbox 1272 3765 1438 3816; x_wconf 74' lang='lat' dir='ltr'><strong>Lomb.</strong></span> <span class='ocrx_word' id='word_1_253' title='bbox 1630 3771 1635 3778; x_wconf 83' lang='grc'><em>“</em></span> 
     </span>
    </p>

    <p class='ocr_par' dir='ltr' id='par_1_4' title="bbox 636 3835 1694 4362">
     <span class='ocr_line' id='line_1_45' title="bbox 705 3835 1693 3902; baseline 0.011 -19"><span class='ocrx_word' id='word_1_254' title='bbox 705 3837 832 3884; x_wconf 77' lang='grc'><strong>1333</strong></span> <span class='ocrx_word' id='word_1_255' title='bbox 855 3835 1112 3902; x_wconf 59' lang='lat' dir='ltr'><strong>Sit-,quod</strong></span> <span class='ocrx_word' id='word_1_256' title='bbox 1137 3839 1275 3890; x_wconf 88' lang='lat' dir='ltr'><strong>Olim</strong></span> <span class='ocrx_word' id='word_1_257' title='bbox 1300 3849 1510 3892; x_wconf 82' lang='lat' dir='ltr'><strong>secutus</strong></span> <span class='ocrx_word' id='word_1_258' title='bbox 1534 3842 1693 3894; x_wconf 81' lang='lat' dir='ltr'><strong>libros</strong></span> 
     </span>
     <span class='ocr_line' id='line_1_46' title="bbox 637 3912 1692 3982; baseline 0.01 -22"><span class='ocrx_word' id='word_1_259' title='bbox 637 3912 852 3975; x_wconf 87' lang='lat' dir='ltr'><strong>omneis,</strong></span> <span class='ocrx_word' id='word_1_260' title='bbox 887 3913 1172 3978; x_wconf 78' lang='lat' dir='ltr'><strong>edideram,</strong></span> <span class='ocrx_word' id='word_1_261' title='bbox 1207 3916 1267 3966; x_wconf 67' lang='lat' dir='ltr'><strong>St·</strong></span> <span class='ocrx_word' id='word_1_262' title='bbox 1304 3933 1431 3982; x_wconf 69' lang='lat' dir='ltr'><strong>quor.</strong></span> <span class='ocrx_word' id='word_1_263' title='bbox 1464 3919 1557 3969; x_wconf 86' lang='lat' dir='ltr'><strong>sed</strong></span> <span class='ocrx_word' id='word_1_264' title='bbox 1592 3920 1692 3971; x_wconf 85' lang='lat' dir='ltr'><strong>hoc</strong></span> 
     </span>
     <span class='ocr_line' id='line_1_47' title="bbox 639 3987 1694 4059; baseline 0.009 -24"><span class='ocrx_word' id='word_1_265' title='bbox 639 3995 937 4038; x_wconf 75' lang='lat' dir='ltr'><strong>annotarem</strong></span> <span class='ocrx_word' id='word_1_266' title='bbox 955 4005 982 4058; x_wconf 11' lang='grc' dir='ltr'><strong>ε,</strong></span> <span class='ocrx_word' id='word_1_267' title='bbox 1003 3987 1224 4041; x_wconf 76' lang='lat' dir='ltr'><strong>fortusse</strong></span> <span class='ocrx_word' id='word_1_268' title='bbox 1260 3993 1555 4059; x_wconf 82' lang='lat' dir='ltr'><strong>legendum,</strong></span> <span class='ocrx_word' id='word_1_269' title='bbox 1585 3995 1694 4059; x_wconf 78' lang='lat' dir='ltr'><strong>Sic,</strong></span> 
     </span>
     <span class='ocr_line' id='line_1_48' title="bbox 636 4063 1693 4136; baseline 0.012 -27"><span class='ocrx_word' id='word_1_270' title='bbox 636 4076 764 4125; x_wconf 72' lang='lat' dir='ltr'><strong>quos.</strong></span> <span class='ocrx_word' id='word_1_271' title='bbox 829 4063 904 4116; x_wconf 84' lang='lat' dir='ltr'><strong>At</strong></span> <span class='ocrx_word' id='word_1_272' title='bbox 958 4065 1134 4116; x_wconf 81' lang='lat' dir='ltr'><strong>Zoilus</strong></span> <span class='ocrx_word' id='word_1_273' title='bbox 1179 4068 1342 4118; x_wconf 79' lang='lat' dir='ltr'><strong>tribus</strong></span> <span class='ocrx_word' id='word_1_274' title='bbox 1379 4071 1526 4121; x_wconf 82' lang='lat' dir='ltr'><strong>anuis</strong></span> <span class='ocrx_word' id='word_1_275' title='bbox 1571 4079 1693 4136; x_wconf 82' lang='lat' dir='ltr'><strong>post</strong></span> 
     </span>
     <span class='ocr_line' id='line_1_49' title="bbox 638 4137 1688 4209; baseline 0.01 -24"><span class='ocrx_word' id='word_1_276' title='bbox 638 4137 762 4203; x_wconf 85' lang='lat' dir='ltr'><strong>quid</strong></span> <span class='ocrx_word' id='word_1_277' title='bbox 783 4139 945 4192; x_wconf 79' lang='lat' dir='ltr'><strong>facit?</strong></span> <span class='ocrx_word' id='word_1_278' title='bbox 977 4143 1113 4207; x_wconf 89' lang='lat' dir='ltr'><strong>quod</strong></span> <span class='ocrx_word' id='word_1_279' title='bbox 1148 4143 1300 4196; x_wconf 82' lang='lat' dir='ltr'><strong>homo</strong></span> <span class='ocrx_word' id='word_1_280' title='bbox 1322 4145 1688 4209; x_wconf 76' lang='lat' dir='ltr'><strong>injustissimus</strong></span> 
     </span>
     <span class='ocr_line' id='line_1_50' title="bbox 638 4215 1690 4278; baseline 0.009 -15"><span class='ocrx_word' id='word_1_281' title='bbox 638 4221 694 4264; x_wconf 89' lang='lat' dir='ltr'><strong>et</strong></span> <span class='ocrx_word' id='word_1_282' title='bbox 729 4215 1198 4278; x_wconf 81' lang='lat' dir='ltr'><strong>impudentissimus</strong></span> <span class='ocrx_word' id='word_1_283' title='bbox 1231 4219 1411 4272; x_wconf 80' lang='lat' dir='ltr'><strong>faciat.</strong></span> <span class='ocrx_word' id='word_1_284' title='bbox 1477 4223 1690 4274; x_wconf 87' lang='lat' dir='ltr'><strong>Adscri-</strong></span> 
     </span>
     <span class='ocr_line' id='line_1_51' title="bbox 643 4290 1692 4362; baseline 0.008 -22"><span class='ocrx_word' id='word_1_285' title='bbox 643 4290 735 4354; x_wconf 90' lang='lat' dir='ltr'><strong>blt,</strong></span> <span class='ocrx_word' id='word_1_286' title='bbox 785 4304 841 4341; x_wconf 78' lang='lat' dir='ltr'><strong>se</strong></span> <span class='ocrx_word' id='word_1_287' title='bbox 897 4294 1188 4358; x_wconf 78' lang='lat' dir='ltr'><strong>reposuisse</strong></span> <span class='ocrx_word' id='word_1_288' title='bbox 1241 4295 1344 4361; x_wconf 79' lang='lat' dir='ltr'><strong>Sic,</strong></span> <span class='ocrx_word' id='word_1_289' title='bbox 1387 4299 1692 4362; x_wconf 80' lang='lat' dir='ltr'><strong>conjectura</strong></span> 
     </span>
    </p>
   </div>
   <div class='ocr_carea' id='block_1_3' title="bbox 1329 411 2125 466">
    <p class='ocr_par' dir='ltr' id='par_1_5' title="bbox 1329 411 2125 466">
     <span class='ocr_line' id='line_1_52' title="bbox 1329 411 2125 466; baseline 0.003 -2"><span class='ocrx_word' id='word_1_290' title='bbox 1329 415 1544 465; x_wconf 70' lang='lat' dir='ltr'><strong>No‘rAE</strong></span> <span class='ocrx_word' id='word_1_291' title='bbox 1589 411 1995 466; x_wconf 62' lang='lat' dir='ltr'><strong>vammum</strong></span> <span class='ocrx_word' id='word_1_292' title='bbox 2044 417 2125 466; x_wconf 80' lang='lat' dir='ltr'><strong>IN</strong></span> 
     </span>
    </p>
   </div>
   <div class='ocr_carea' id='block_1_4' title="bbox 1754 549 2893 4362">
    <p class='ocr_par' dir='ltr' id='par_1_6' title="bbox 1754 549 2893 1233">
     <span class='ocr_line' id='line_1_53' title="bbox 1766 549 2859 625; baseline 0 -16"><span class='ocrx_word' id='word_1_293' title='bbox 1766 558 1997 613; x_wconf 72' lang='lat' dir='ltr'><strong>ductum.</strong></span> <span class='ocrx_word' id='word_1_294' title='bbox 2032 569 2039 578; x_wconf 84' lang='lat'><strong>·</strong></span> <span class='ocrx_word' id='word_1_295' title='bbox 2084 549 2165 610; x_wconf 80' lang='lat' dir='ltr'><strong>Ex</strong></span> <span class='ocrx_word' id='word_1_296' title='bbox 2205 573 2309 625; x_wconf 83' lang='lat' dir='ltr'><strong>quo</strong></span> <span class='ocrx_word' id='word_1_297' title='bbox 2358 560 2513 611; x_wconf 79' lang='lat' dir='ltr'><strong>istum</strong></span> <span class='ocrx_word' id='word_1_298' title='bbox 2554 555 2823 610; x_wconf 72' lang='lat' dir='ltr'><strong>hominum</strong></span> <span class='ocrx_word' id='word_1_299' title='bbox 2852 559 2859 566; x_wconf 87' lang='lat'>&#39;</span> 
     </span>
     <span class='ocr_line' id='line_1_54' title="bbox 1764 637 2830 700; baseline 0.002 -16"><span class='ocrx_word' id='word_1_300' title='bbox 1764 649 1955 700; x_wconf 76' lang='lat' dir='ltr'><strong>genere</strong></span> <span class='ocrx_word' id='word_1_301' title='bbox 1998 637 2249 686; x_wconf 73' lang='lat' dir='ltr'><strong>censeas?</strong></span> <span class='ocrx_word' id='word_1_302' title='bbox 2270 661 2277 668; x_wconf 81' lang='lat'><strong>·</strong></span> <span class='ocrx_word' id='word_1_303' title='bbox 2298 651 2402 686; x_wconf 88' lang='lat' dir='ltr'><strong>non</strong></span> <span class='ocrx_word' id='word_1_304' title='bbox 2434 651 2508 686; x_wconf 83' lang='lat' dir='ltr'><strong>ex</strong></span> <span class='ocrx_word' id='word_1_305' title='bbox 2536 637 2830 700; x_wconf 78' lang='lat' dir='ltr'><strong>Autolyco·</strong></span> 
     </span>
     <span class='ocr_line' id='line_1_55' title="bbox 1765 712 2827 777; baseline -0.002 -15"><span class='ocrx_word' id='word_1_306' title='bbox 1765 725 1899 775; x_wconf 85' lang='lat' dir='ltr'><strong>rum,</strong></span> <span class='ocrx_word' id='word_1_307' title='bbox 1936 719 2027 764; x_wconf 84' lang='lat' dir='ltr'><strong>aut</strong></span> <span class='ocrx_word' id='word_1_308' title='bbox 2070 712 2470 777; x_wconf 75' lang='lat' dir='ltr'><strong>Eurybatarum,</strong></span> <span class='ocrx_word' id='word_1_309' title='bbox 2514 720 2607 763; x_wconf 76' lang='lat' dir='ltr'><strong>unt</strong></span> <span class='ocrx_word' id='word_1_310' title='bbox 2635 714 2827 762; x_wconf 68' lang='lat' dir='ltr'><strong>&#39;talium</strong></span> 
     </span>
     <span class='ocr_line' id='line_1_56' title="bbox 1764 787 2893 852; baseline -0.002 -14"><span class='ocrx_word' id='word_1_311' title='bbox 1764 787 2031 839; x_wconf 79' lang='lat' dir='ltr'><strong>societatis</strong></span> <span class='ocrx_word' id='word_1_312' title='bbox 2065 790 2303 839; x_wconf 67' lang='lat' dir='ltr'><strong>humane</strong></span> <span class='ocrx_word' id='word_1_313' title='bbox 2346 789 2609 852; x_wconf 77' lang='lat' dir='ltr'><strong>pestium?</strong></span> <span class='ocrx_word' id='word_1_314' title='bbox 2632 789 2828 838; x_wconf 64' lang='grc' dir='ltr'><strong>Ἰκηηῠ.</strong></span> <span class='ocrx_word' id='word_1_315' title='bbox 2886 821 2893 826; x_wconf 93' lang='grc'>-</span> 
     </span>
     <span class='ocr_line' id='line_1_57' title="bbox 1764 865 2829 932; baseline -0.002 -16"><span class='ocrx_word' id='word_1_316' title='bbox 1764 867 1853 917; x_wconf 84' lang='lat' dir='ltr'><strong>Ita</strong></span> <span class='ocrx_word' id='word_1_317' title='bbox 1903 867 2211 932; x_wconf 82' lang='lat' dir='ltr'><strong>conjectura</strong></span> <span class='ocrx_word' id='word_1_318' title='bbox 2251 868 2439 917; x_wconf 85' lang='lat' dir='ltr'><strong>ductus</strong></span> <span class='ocrx_word' id='word_1_319' title='bbox 2482 867 2691 928; x_wconf 72' lang='lat' dir='ltr'><strong>scripsi.</strong></span> <span class='ocrx_word' id='word_1_320' title='bbox 2758 865 2829 914; x_wconf 87' lang='lat' dir='ltr'><strong>In</strong></span> 
     </span>
     <span class='ocr_line' id='line_1_58' title="bbox 1764 935 2851 1008; baseline -0.005 -14"><span class='ocrx_word' id='word_1_321' title='bbox 1764 945 1929 1007; x_wconf 81' lang='lat' dir='ltr'><strong>libris,</strong></span> <span class='ocrx_word' id='word_1_322' title='bbox 1966 945 2046 1008; x_wconf 80' lang='lat' dir='ltr'><strong>Si,</strong></span> <span class='ocrx_word' id='word_1_323' title='bbox 2084 945 2277 994; x_wconf 78' lang='lat' dir='ltr'><strong>omisso</strong></span> <span class='ocrx_word' id='word_1_324' title='bbox 2298 961 2325 994; x_wconf 81' lang='lat' dir='ltr'><strong>e</strong></span> <span class='ocrx_word' id='word_1_325' title='bbox 2346 943 2413 993; x_wconf 90' lang='lat' dir='ltr'><strong>ob</strong></span> <span class='ocrx_word' id='word_1_326' title='bbox 2432 956 2654 1007; x_wconf 77' lang='lat' dir='ltr'><strong>sequens</strong></span> <span class='ocrx_word' id='word_1_327' title='bbox 2692 935 2851 990; x_wconf 74' lang='lat' dir='ltr'><strong>aite·‘</strong></span> 
     </span>
     <span class='ocr_line' id='line_1_59' title="bbox 1766 1017 2824 1086; baseline -0.005 -16"><span class='ocrx_word' id='word_1_328' title='bbox 1766 1035 1881 1070; x_wconf 84' lang='lat' dir='ltr'><strong>rum</strong></span> <span class='ocrx_word' id='word_1_329' title='bbox 1900 1037 1943 1082; x_wconf 80' lang='lat' dir='ltr'><strong>c,</strong></span> <span class='ocrx_word' id='word_1_330' title='bbox 1962 1035 2053 1070; x_wconf 82' lang='lat' dir='ltr'><strong>seu</strong></span> <span class='ocrx_word' id='word_1_331' title='bbox 2072 1037 2119 1084; x_wconf 78' lang='lat' dir='ltr'><strong>q.</strong></span> <span class='ocrx_word' id='word_1_332' title='bbox 2153 1021 2289 1086; x_wconf 86' lang='lat' dir='ltr'><strong>qnod</strong></span> <span class='ocrx_word' id='word_1_333' title='bbox 2324 1033 2465 1082; x_wconf 74' lang='lat' dir='ltr'><strong>saepe</strong></span> <span class='ocrx_word' id='word_1_334' title='bbox 2496 1017 2699 1068; x_wconf 84' lang='lat' dir='ltr'><strong>factum</strong></span> <span class='ocrx_word' id='word_1_335' title='bbox 2722 1023 2824 1066; x_wconf 81' lang='lat' dir='ltr'><strong>est.</strong></span> 
     </span>
     <span class='ocr_line' id='line_1_60' title="bbox 1768 1093 2825 1162; baseline -0.003 -18"><span class='ocrx_word' id='word_1_336' title='bbox 1768 1096 1866 1145; x_wconf 76' lang='lat' dir='ltr'><strong>Est</strong></span> <span class='ocrx_word' id='word_1_337' title='bbox 1902 1103 2081 1147; x_wconf 80' lang='lat' dir='ltr'><strong>autem</strong></span> <span class='ocrx_word' id='word_1_338' title='bbox 2116 1095 2264 1162; x_wconf 73' lang='lat' dir='ltr'><strong>quusi</strong></span> <span class='ocrx_word' id='word_1_339' title='bbox 2300 1095 2677 1158; x_wconf 78' lang='lat' dir='ltr'><strong>Epiphonemu.</strong></span> <span class='ocrx_word' id='word_1_340' title='bbox 2726 1093 2825 1142; x_wconf 69' lang='lat' dir='ltr'><strong>Gn·-</strong></span> 
     </span>
     <span class='ocr_line' id='line_1_61' title="bbox 1754 1171 1870 1233; baseline 0 -12"><span class='ocrx_word' id='word_1_341' title='bbox 1754 1171 1870 1233; x_wconf 74' lang='lat' dir='ltr'><strong>sun.</strong></span> 
     </span>
    </p>

    <p class='ocr_par' dir='ltr' id='par_1_7' title="bbox 1768 1246 2826 1452">
     <span class='ocr_line' id='line_1_62' title="bbox 1832 1246 2826 1311; baseline -0.003 -12"><span class='ocrx_word' id='word_1_342' title='bbox 1832 1250 1977 1299; x_wconf 82' lang='lat' dir='ltr'><strong>Domi</strong></span> <span class='ocrx_word' id='word_1_343' title='bbox 2000 1248 2224 1311; x_wconf 75' lang='lat' dir='ltr'><strong>domitor]</strong></span> <span class='ocrx_word' id='word_1_344' title='bbox 2255 1249 2271 1278; x_wconf 78' lang='lat'><strong>⁴</strong></span> <span class='ocrx_word' id='word_1_345' title='bbox 2289 1246 2463 1310; x_wconf 89' lang='lat' dir='ltr'><strong>Domi,</strong></span> <span class='ocrx_word' id='word_1_346' title='bbox 2484 1246 2663 1310; x_wconf 82' lang='lat' dir='ltr'><strong>domi,&#39;</strong></span> <span class='ocrx_word' id='word_1_347' title='bbox 2686 1262 2826 1297; x_wconf 86' lang='lat' dir='ltr'><strong>com-</strong></span> 
     </span>
     <span class='ocr_line' id='line_1_63' title="bbox 1768 1324 2825 1390; baseline -0.002 -16"><span class='ocrx_word' id='word_1_348' title='bbox 1768 1326 1955 1389; x_wconf 78' lang='lat' dir='ltr'><strong>positio</strong></span> <span class='ocrx_word' id='word_1_349' title='bbox 1977 1333 2032 1375; x_wconf 87' lang='lat' dir='ltr'><strong>et</strong></span> <span class='ocrx_word' id='word_1_350' title='bbox 2066 1325 2349 1390; x_wconf 87' lang='lat' dir='ltr'><strong>complosio</strong></span> <span class='ocrx_word' id='word_1_351' title='bbox 2382 1324 2620 1375; x_wconf 86' lang='lat' dir='ltr'><strong>binarum</strong></span> <span class='ocrx_word' id='word_1_352' title='bbox 2664 1325 2825 1388; x_wconf 75' lang='lat' dir='ltr'><strong>sylla·</strong></span> 
     </span>
     <span class='ocr_line' id='line_1_64' title="bbox 1768 1400 2163 1452; baseline 0.003 -1"><span class='ocrx_word' id='word_1_353' title='bbox 1768 1400 1970 1452; x_wconf 78' lang='lat' dir='ltr'><strong>barum.</strong></span> <span class='ocrx_word' id='word_1_354' title='bbox 1994 1401 2163 1452; x_wconf 77' lang='lat' dir='ltr'><strong>Lamb.</strong></span> 
     </span>
    </p>

    <p class='ocr_par' dir='ltr' id='par_1_8' title="bbox 1768 1473 2851 1769">
     <span class='ocr_line' id='line_1_65' title="bbox 1834 1473 2833 1540; baseline 0 -16"><span class='ocrx_word' id='word_1_355' title='bbox 1834 1480 1963 1526; x_wconf 79' lang='grc'><strong>1334</strong></span> <span class='ocrx_word' id='word_1_356' title='bbox 1988 1474 2332 1540; x_wconf 75' lang='lat' dir='ltr'><strong>Efferveseere]</strong></span> <span class='ocrx_word' id='word_1_357' title='bbox 2351 1474 2574 1527; x_wconf 83' lang='lat' dir='ltr'><strong>Quidam</strong></span> <span class='ocrx_word' id='word_1_358' title='bbox 2597 1473 2719 1524; x_wconf 79' lang='lat' dir='ltr'><strong>iibri</strong></span> <span class='ocrx_word' id='word_1_359' title='bbox 2738 1475 2833 1524; x_wconf 75' lang='lat' dir='ltr'><strong>ba·</strong></span> 
     </span>
     <span class='ocr_line' id='line_1_66' title="bbox 1769 1551 2824 1616; baseline -0.001 -14"><span class='ocrx_word' id='word_1_360' title='bbox 1769 1551 1898 1602; x_wconf 75' lang='lat' dir='ltr'><strong>bont</strong></span> <span class='ocrx_word' id='word_1_361' title='bbox 1922 1551 2265 1616; x_wconf 57' lang='lat' dir='ltr'><strong>Effer-videre.-</strong></span> <span class='ocrx_word' id='word_1_362' title='bbox 2288 1553 2427 1616; x_wconf 82' lang='lat' dir='ltr'><strong>quod</strong></span> <span class='ocrx_word' id='word_1_363' title='bbox 2444 1551 2607 1614; x_wconf 75' lang='lat' dir='ltr'><strong>magis</strong></span> <span class='ocrx_word' id='word_1_364' title='bbox 2632 1551 2824 1614; x_wconf 84' lang='lat' dir='ltr'><strong>probo,</strong></span> 
     </span>
     <span class='ocr_line' id='line_1_67' title="bbox 1770 1627 2831 1694; baseline 0 -17"><span class='ocrx_word' id='word_1_365' title='bbox 1770 1642 1921 1694; x_wconf 80' lang='lat' dir='ltr'><strong>quam</strong></span> <span class='ocrx_word' id='word_1_366' title='bbox 1966 1629 2302 1693; x_wconf 71' lang='lat' dir='ltr'><strong>Effer-vescere.</strong></span> <span class='ocrx_word' id='word_1_367' title='bbox 2340 1634 2397 1677; x_wconf 87' lang='lat' dir='ltr'><strong>et</strong></span> <span class='ocrx_word' id='word_1_368' title='bbox 2426 1628 2617 1691; x_wconf 81' lang='lat' dir='ltr'><strong>ubique</strong></span> <span class='ocrx_word' id='word_1_369' title='bbox 2648 1627 2831 1677; x_wconf 83' lang='lat' dir='ltr'><strong>malim</strong></span> 
     </span>
     <span class='ocr_line' id='line_1_68' title="bbox 1768 1701 2851 1769; baseline -0.003 -15"><span class='ocrx_word' id='word_1_370' title='bbox 1768 1707 1843 1755; x_wconf 88' lang='lat' dir='ltr'><strong>ita</strong></span> <span class='ocrx_word' id='word_1_371' title='bbox 1864 1704 2242 1769; x_wconf 73' lang='lat' dir='ltr'><strong>legi,fervi⁸cit‚</strong></span> <span class='ocrx_word' id='word_1_372' title='bbox 2265 1703 2606 1762; x_wconf 71' lang='lat' dir='ltr'><strong>etseniscere.</strong></span> <span class='ocrx_word' id='word_1_373' title='bbox 2642 1701 2851 1752; x_wconf 55' lang='grc' dir='ltr'><strong>ΙΛιιιιΙ).α</strong></span> 
     </span>
    </p>

    <p class='ocr_par' dir='ltr' id='par_1_9' title="bbox 1765 1771 2851 3522">
     <span class='ocr_line' id='line_1_69' title="bbox 1836 1771 2828 1843; baseline -0.005 -12"><span class='ocrx_word' id='word_1_374' title='bbox 1836 1785 1965 1831; x_wconf 81' lang='grc'><strong>1338</strong></span> <span class='ocrx_word' id='word_1_375' title='bbox 2016 1782 2085 1831; x_wconf 83' lang='lat' dir='ltr'><strong>Ut</strong></span> <span class='ocrx_word' id='word_1_376' title='bbox 2106 1771 2248 1831; x_wconf 57' lang='lat' dir='ltr'><strong>&#39;nanc</strong></span> <span class='ocrx_word' id='word_1_377' title='bbox 2289 1793 2414 1843; x_wconf 69' lang='lat' dir='ltr'><strong>sape</strong></span> <span class='ocrx_word' id='word_1_378' title='bbox 2462 1779 2600 1827; x_wconf 73' lang='lat' dir='ltr'><strong>bones</strong></span> <span class='ocrx_word' id='word_1_379' title='bbox 2654 1777 2828 1841; x_wconf 71' lang='lat' dir='ltr'><strong>Luce]</strong></span> 
     </span>
     <span class='ocr_line' id='line_1_70' title="bbox 1769 1855 2833 1922; baseline -0.006 -13"><span class='ocrx_word' id='word_1_380' title='bbox 1769 1860 1857 1910; x_wconf 83' lang='lat' dir='ltr'><strong>Sic</strong></span> <span class='ocrx_word' id='word_1_381' title='bbox 1890 1859 2087 1908; x_wconf 82' lang='lat' dir='ltr'><strong>habent</strong></span> <span class='ocrx_word' id='word_1_382' title='bbox 2126 1872 2301 1908; x_wconf 83' lang='lat' dir='ltr'><strong>omnes</strong></span> <span class='ocrx_word' id='word_1_383' title='bbox 2334 1856 2453 1907; x_wconf 85' lang='lat' dir='ltr'><strong>libri</strong></span> <span class='ocrx_word' id='word_1_384' title='bbox 2491 1862 2600 1906; x_wconf 79' lang='lat' dir='ltr'><strong>vet.</strong></span> <span class='ocrx_word' id='word_1_385' title='bbox 2640 1855 2833 1922; x_wconf 81' lang='lat' dir='ltr'><strong>quibus</strong></span> 
     </span>
     <span class='ocr_line' id='line_1_71' title="bbox 1770 1930 2832 1998; baseline -0.005 -15"><span class='ocrx_word' id='word_1_386' title='bbox 1770 1949 1867 1998; x_wconf 85' lang='lat' dir='ltr'><strong>ego</strong></span> <span class='ocrx_word' id='word_1_387' title='bbox 1888 1948 2013 1983; x_wconf 79' lang='lat' dir='ltr'><strong>usus</strong></span> <span class='ocrx_word' id='word_1_388' title='bbox 2037 1948 2167 1997; x_wconf 81' lang='lat' dir='ltr'><strong>sum,</strong></span> <span class='ocrx_word' id='word_1_389' title='bbox 2202 1932 2244 1980; x_wconf 76' lang='lat' dir='ltr'><strong>si</strong></span> <span class='ocrx_word' id='word_1_390' title='bbox 2266 1933 2399 1982; x_wconf 83' lang='lat' dir='ltr'><strong>bene</strong></span> <span class='ocrx_word' id='word_1_391' title='bbox 2422 1930 2647 1981; x_wconf 72' lang='lat' dir='ltr'><strong>memmi.</strong></span> <span class='ocrx_word' id='word_1_392' title='bbox 2716 1930 2832 1979; x_wconf 88' lang='lat' dir='ltr'><strong>Ne-</strong></span> 
     </span>
     <span class='ocr_line' id='line_1_72' title="bbox 1769 2007 2833 2074; baseline -0.004 -15"><span class='ocrx_word' id='word_1_393' title='bbox 1769 2023 1871 2074; x_wconf 83' lang='lat' dir='ltr'><strong>que</strong></span> <span class='ocrx_word' id='word_1_394' title='bbox 1933 2009 2105 2070; x_wconf 81' lang='lat' dir='ltr'><strong>video,</strong></span> <span class='ocrx_word' id='word_1_395' title='bbox 2160 2008 2496 2072; x_wconf 83' lang='lat' dir='ltr'><strong>quamobrem</strong></span> <span class='ocrx_word' id='word_1_396' title='bbox 2551 2007 2833 2073; x_wconf 85' lang='lat' dir='ltr'><strong>quicquam</strong></span> 
     </span>
     <span class='ocr_line' id='line_1_73' title="bbox 1770 2083 2839 2147; baseline -0.004 -11"><span class='ocrx_word' id='word_1_397' title='bbox 1770 2086 1961 2136; x_wconf 84' lang='lat' dir='ltr'><strong>mutari</strong></span> <span class='ocrx_word' id='word_1_398' title='bbox 1980 2084 2187 2136; x_wconf 87' lang='lat' dir='ltr'><strong>debeat.</strong></span> <span class='ocrx_word' id='word_1_399' title='bbox 2240 2083 2461 2136; x_wconf 81' lang='lat' dir='ltr'><strong>Confert</strong></span> <span class='ocrx_word' id='word_1_400' title='bbox 2482 2084 2617 2132; x_wconf 85' lang='lat' dir='ltr'><strong>enim</strong></span> <span class='ocrx_word' id='word_1_401' title='bbox 2637 2091 2839 2147; x_wconf 82' lang='lat' dir='ltr'><strong>tauros,</strong></span> 
     </span>
     <span class='ocr_line' id='line_1_74' title="bbox 1771 2159 2831 2226; baseline -0.004 -14"><span class='ocrx_word' id='word_1_402' title='bbox 1771 2177 1941 2225; x_wconf 69' lang='lat' dir='ltr'><strong>apros,</strong></span> <span class='ocrx_word' id='word_1_403' title='bbox 1962 2163 2159 2224; x_wconf 80' lang='lat' dir='ltr'><strong>leones,</strong></span> <span class='ocrx_word' id='word_1_404' title='bbox 2174 2161 2359 2226; x_wconf 78' lang='lat' dir='ltr'><strong>quibus</strong></span> <span class='ocrx_word' id='word_1_405' title='bbox 2376 2159 2457 2210; x_wconf 79' lang='lat' dir='ltr'><strong>usi</strong></span> <span class='ocrx_word' id='word_1_406' title='bbox 2480 2164 2600 2209; x_wconf 85' lang='lat' dir='ltr'><strong>sunt</strong></span> <span class='ocrx_word' id='word_1_407' title='bbox 2620 2161 2670 2206; x_wconf 85' lang='lat' dir='ltr'><strong>in</strong></span> <span class='ocrx_word' id='word_1_408' title='bbox 2688 2173 2831 2221; x_wconf 79' lang='lat' dir='ltr'><strong>proe·</strong></span> 
     </span>
     <span class='ocr_line' id='line_1_75' title="bbox 1772 2233 2835 2302; baseline -0.006 -15"><span class='ocrx_word' id='word_1_409' title='bbox 1772 2239 1856 2288; x_wconf 84' lang='lat' dir='ltr'><strong>liis</strong></span> <span class='ocrx_word' id='word_1_410' title='bbox 1894 2237 2047 2302; x_wconf 83' lang='lat' dir='ltr'><strong>primi</strong></span> <span class='ocrx_word' id='word_1_411' title='bbox 2086 2236 2336 2297; x_wconf 84' lang='lat' dir='ltr'><strong>homines,</strong></span> <span class='ocrx_word' id='word_1_412' title='bbox 2394 2249 2511 2284; x_wconf 86' lang='lat' dir='ltr'><strong>cnm</strong></span> <span class='ocrx_word' id='word_1_413' title='bbox 2564 2233 2835 2296; x_wconf 76' lang='lat' dir='ltr'><strong>elefantis,</strong></span> 
     </span>
     <span class='ocr_line' id='line_1_76' title="bbox 1776 2309 2833 2378; baseline -0.004 -16"><span class='ocrx_word' id='word_1_414' title='bbox 1776 2314 1961 2378; x_wconf 84' lang='lat' dir='ltr'><strong>quibus</strong></span> <span class='ocrx_word' id='word_1_415' title='bbox 2004 2320 2125 2364; x_wconf 87' lang='lat' dir='ltr'><strong>sunt</strong></span> <span class='ocrx_word' id='word_1_416' title='bbox 2160 2313 2242 2362; x_wconf 79' lang='lat' dir='ltr'><strong>nsi</strong></span> <span class='ocrx_word' id='word_1_417' title='bbox 2280 2311 2613 2375; x_wconf 78' lang='lat' dir='ltr'><strong>posteriores.</strong></span> <span class='ocrx_word' id='word_1_418' title='bbox 2678 2309 2833 2359; x_wconf 81' lang='lat' dir='ltr'><strong>Nou-</strong></span> 
     </span>
     <span class='ocr_line' id='line_1_77' title="bbox 1772 2383 2851 2451; baseline -0.002 -13"><span class='ocrx_word' id='word_1_419' title='bbox 1772 2389 1903 2439; x_wconf 82' lang='lat' dir='ltr'><strong>num</strong></span> <span class='ocrx_word' id='word_1_420' title='bbox 1964 2395 2137 2438; x_wconf 88' lang='lat' dir='ltr'><strong>tamen</strong></span> <span class='ocrx_word' id='word_1_421' title='bbox 2190 2388 2295 2451; x_wconf 83' lang='lat' dir='ltr'><strong>legi</strong></span> <span class='ocrx_word' id='word_1_422' title='bbox 2338 2388 2536 2450; x_wconf 75' lang='lat' dir='ltr'><strong>volunt,</strong></span> <span class='ocrx_word' id='word_1_423' title='bbox 2594 2386 2661 2434; x_wconf 78' lang='lat' dir='ltr'><strong>Ut</strong></span> <span class='ocrx_word' id='word_1_424' title='bbox 2702 2383 2851 2436; x_wconf 60' lang='lat' dir='ltr'><strong>vinno·</strong></span> 
     </span>
     <span class='ocr_line' id='line_1_78' title="bbox 1770 2462 2830 2528; baseline -0.001 -15"><span class='ocrx_word' id='word_1_425' title='bbox 1770 2479 1895 2528; x_wconf 67' lang='grc' dir='ltr'><strong>σεεμ</strong></span> <span class='ocrx_word' id='word_1_426' title='bbox 1939 2465 2075 2514; x_wconf 71' lang='lat' dir='ltr'><strong>boves</strong></span> <span class='ocrx_word' id='word_1_427' title='bbox 2111 2465 2299 2528; x_wconf 72' lang='lat' dir='ltr'><strong>templis</strong></span> <span class='ocrx_word' id='word_1_428' title='bbox 2330 2462 2469 2523; x_wconf 75' lang='lat' dir='ltr'><strong>ser-ro</strong></span> <span class='ocrx_word' id='word_1_429' title='bbox 2527 2464 2648 2525; x_wconf 64' lang='lat' dir='ltr'><strong>mule</strong></span> <span class='ocrx_word' id='word_1_430' title='bbox 2690 2477 2830 2512; x_wconf 68' lang='grc' dir='ltr'><strong>σακε</strong></span> 
     </span>
     <span class='ocr_line' id='line_1_79' title="bbox 1771 2539 2832 2606; baseline -0.004 -14"><span class='ocrx_word' id='word_1_431' title='bbox 1771 2541 2076 2606; x_wconf 58' lang='lat' dir='ltr'><strong>Effugiant,</strong></span> <span class='ocrx_word' id='word_1_432' title='bbox 2111 2545 2191 2604; x_wconf 58' lang='grc' dir='ltr'><strong>ξε.</strong></span> <span class='ocrx_word' id='word_1_433' title='bbox 2234 2553 2327 2590; x_wconf 86' lang='lat' dir='ltr'><strong>seu</strong></span> <span class='ocrx_word' id='word_1_434' title='bbox 2351 2539 2629 2603; x_wconf 69' lang='lat' dir='ltr'><strong>Effugiant.</strong></span> <span class='ocrx_word' id='word_1_435' title='bbox 2696 2539 2832 2602; x_wconf 80' lang='lat' dir='ltr'><strong>Ego,</strong></span> 
     </span>
     <span class='ocr_line' id='line_1_80' title="bbox 1772 2613 2832 2683; baseline -0.005 -16"><span class='ocrx_word' id='word_1_436' title='bbox 1772 2618 1814 2668; x_wconf 85' lang='lat' dir='ltr'><strong>si</strong></span> <span class='ocrx_word' id='word_1_437' title='bbox 1852 2618 1974 2683; x_wconf 87' lang='lat' dir='ltr'><strong>quid</strong></span> <span class='ocrx_word' id='word_1_438' title='bbox 2013 2619 2085 2667; x_wconf 80' lang='lat' dir='ltr'><strong>sit</strong></span> <span class='ocrx_word' id='word_1_439' title='bbox 2120 2616 2440 2679; x_wconf 82' lang='lat' dir='ltr'><strong>mutandum,</strong></span> <span class='ocrx_word' id='word_1_440' title='bbox 2492 2615 2671 2665; x_wconf 83' lang='lat' dir='ltr'><strong>malim</strong></span> <span class='ocrx_word' id='word_1_441' title='bbox 2700 2613 2832 2679; x_wconf 82' lang='lat' dir='ltr'><strong>legi,</strong></span> 
     </span>
     <span class='ocr_line' id='line_1_81' title="bbox 1778 2690 2847 2756; baseline -0.002 -14"><span class='ocrx_word' id='word_1_442' title='bbox 1778 2693 1846 2742; x_wconf 84' lang='lat' dir='ltr'><strong>Ut</strong></span> <span class='ocrx_word' id='word_1_443' title='bbox 1884 2707 2011 2742; x_wconf 71' lang='lat' dir='ltr'><strong>nunc</strong></span> <span class='ocrx_word' id='word_1_444' title='bbox 2032 2707 2156 2756; x_wconf 66' lang='grc' dir='ltr'><strong>ιαμ</strong></span> <span class='ocrx_word' id='word_1_445' title='bbox 2183 2693 2320 2742; x_wconf 68' lang='lat' dir='ltr'><strong>boves</strong></span> <span class='ocrx_word' id='word_1_446' title='bbox 2353 2692 2514 2741; x_wconf 72' lang='lat' dir='ltr'><strong>Lecta</strong></span> <span class='ocrx_word' id='word_1_447' title='bbox 2538 2690 2681 2751; x_wconf 83' lang='lat' dir='ltr'><strong>ferro</strong></span> <span class='ocrx_word' id='word_1_448' title='bbox 2708 2691 2847 2740; x_wconf 71' lang='lat' dir='ltr'><strong>mle·</strong></span> 
     </span>
     <span class='ocr_line' id='line_1_82' title="bbox 1768 2765 2833 2832; baseline -0.002 -14"><span class='ocrx_word' id='word_1_449' title='bbox 1768 2773 1951 2818; x_wconf 79' lang='lat' dir='ltr'><strong>muctae.</strong></span> <span class='ocrx_word' id='word_1_450' title='bbox 1982 2775 2041 2818; x_wconf 83' lang='lat' dir='ltr'><strong>ut</strong></span> <span class='ocrx_word' id='word_1_451' title='bbox 2061 2767 2405 2832; x_wconf 76' lang='lat' dir='ltr'><strong>intelligamus</strong></span> <span class='ocrx_word' id='word_1_452' title='bbox 2426 2781 2521 2830; x_wconf 84' lang='lat' dir='ltr'><strong>per</strong></span> <span class='ocrx_word' id='word_1_453' title='bbox 2544 2766 2703 2816; x_wconf 80' lang='lat' dir='ltr'><strong>boves</strong></span> <span class='ocrx_word' id='word_1_454' title='bbox 2723 2765 2833 2816; x_wconf 80' lang='lat' dir='ltr'><strong>lec·</strong></span> 
     </span>
     <span class='ocr_line' id='line_1_83' title="bbox 1772 2841 2834 2908; baseline -0.005 -13"><span class='ocrx_word' id='word_1_455' title='bbox 1772 2852 1873 2908; x_wconf 66' lang='lat' dir='ltr'><strong>tus,</strong></span> <span class='ocrx_word' id='word_1_456' title='bbox 1916 2845 2139 2908; x_wconf 84' lang='lat' dir='ltr'><strong>majores</strong></span> <span class='ocrx_word' id='word_1_457' title='bbox 2181 2843 2393 2907; x_wconf 83' lang='lat' dir='ltr'><strong>hostias,</strong></span> <span class='ocrx_word' id='word_1_458' title='bbox 2439 2856 2531 2892; x_wconf 79' lang='lat' dir='ltr'><strong>sen</strong></span> <span class='ocrx_word' id='word_1_459' title='bbox 2574 2841 2834 2902; x_wconf 73' lang='lat' dir='ltr'><strong>victimas,</strong></span> 
     </span>
     <span class='ocr_line' id='line_1_84' title="bbox 1770 2915 2828 2985; baseline -0.005 -15"><span class='ocrx_word' id='word_1_460' title='bbox 1770 2935 1889 2985; x_wconf 74' lang='lat' dir='ltr'><strong>qum</strong></span> <span class='ocrx_word' id='word_1_461' title='bbox 1911 2919 2146 2970; x_wconf 80' lang='lat' dir='ltr'><strong>solebant</strong></span> <span class='ocrx_word' id='word_1_462' title='bbox 2168 2933 2235 2968; x_wconf 82' lang='lat' dir='ltr'><strong>ex</strong></span> <span class='ocrx_word' id='word_1_463' title='bbox 2262 2924 2379 2968; x_wconf 92' lang='lat' dir='ltr'><strong>toto</strong></span> <span class='ocrx_word' id='word_1_464' title='bbox 2404 2924 2637 2967; x_wconf 85' lang='lat' dir='ltr'><strong>armento</strong></span> <span class='ocrx_word' id='word_1_465' title='bbox 2672 2915 2828 2980; x_wconf 83' lang='lat' dir='ltr'><strong>eligi:</strong></span> 
     </span>
     <span class='ocr_line' id='line_1_85' title="bbox 1771 2994 2831 3061; baseline -0.004 -13"><span class='ocrx_word' id='word_1_466' title='bbox 1771 2997 1993 3061; x_wconf 80' lang='lat' dir='ltr'><strong>‘lectae,’</strong></span> <span class='ocrx_word' id='word_1_467' title='bbox 2057 2998 2121 3048; x_wconf 85' lang='lat' dir='ltr'><strong>ad</strong></span> <span class='ocrx_word' id='word_1_468' title='bbox 2182 2995 2546 3046; x_wconf 85' lang='lat' dir='ltr'><strong>immolandum</strong></span> <span class='ocrx_word' id='word_1_469' title='bbox 2604 2994 2831 3054; x_wconf 74' lang='lat' dir='ltr'><strong>seilicet.</strong></span> 
     </span>
     <span class='ocr_line' id='line_1_86' title="bbox 1770 3069 2829 3130; baseline -0.004 -7"><span class='ocrx_word' id='word_1_470' title='bbox 1770 3074 2104 3125; x_wconf 81' lang='lat' dir='ltr'><strong>Probabilius</strong></span> <span class='ocrx_word' id='word_1_471' title='bbox 2140 3081 2315 3124; x_wconf 79' lang='lat' dir='ltr'><strong>autem</strong></span> <span class='ocrx_word' id='word_1_472' title='bbox 2351 3079 2433 3122; x_wconf 87' lang='lat' dir='ltr'><strong>est</strong></span> <span class='ocrx_word' id='word_1_473' title='bbox 2470 3087 2537 3122; x_wconf 86' lang='lat' dir='ltr'><strong>ex</strong></span> <span class='ocrx_word' id='word_1_474' title='bbox 2560 3073 2696 3130; x_wconf 61' lang='lat' dir='ltr'><strong>leem</strong></span> <span class='ocrx_word' id='word_1_475' title='bbox 2714 3069 2829 3120; x_wconf 82' lang='lat' dir='ltr'><strong>fac-</strong></span> 
     </span>
     <span class='ocr_line' id='line_1_87' title="bbox 1770 3150 2831 3216; baseline -0.005 -14"><span class='ocrx_word' id='word_1_476' title='bbox 1770 3158 1877 3202; x_wconf 89' lang='lat' dir='ltr'><strong>tum</strong></span> <span class='ocrx_word' id='word_1_477' title='bbox 1894 3167 2011 3205; x_wconf 83' lang='lat' dir='ltr'><strong>esse</strong></span> <span class='ocrx_word' id='word_1_478' title='bbox 2028 3153 2189 3215; x_wconf 77' lang='lat' dir='ltr'><strong>Lucae,</strong></span> <span class='ocrx_word' id='word_1_479' title='bbox 2206 3157 2419 3216; x_wconf 85' lang='lat' dir='ltr'><strong>propter</strong></span> <span class='ocrx_word' id='word_1_480' title='bbox 2441 3164 2642 3199; x_wconf 81' lang='lat' dir='ltr'><strong>versum</strong></span> <span class='ocrx_word' id='word_1_481' title='bbox 2666 3150 2831 3204; x_wconf 85' lang='lat' dir='ltr'><strong>illum,</strong></span> 
     </span>
     <span class='ocr_line' id='line_1_88' title="bbox 1770 3227 2830 3296; baseline -0.005 -17"><span class='ocrx_word' id='word_1_482' title='bbox 1770 3230 1857 3296; x_wconf 87' lang='lat' dir='ltr'><strong>qui</strong></span> <span class='ocrx_word' id='word_1_483' title='bbox 1879 3236 1961 3280; x_wconf 85' lang='lat' dir='ltr'><strong>est</strong></span> <span class='ocrx_word' id='word_1_484' title='bbox 1984 3244 2097 3292; x_wconf 87' lang='lat' dir='ltr'><strong>sup.</strong></span> <span class='ocrx_word' id='word_1_485' title='bbox 2144 3227 2303 3279; x_wconf 84' lang='lat' dir='ltr'><strong>‘Inde</strong></span> <span class='ocrx_word' id='word_1_486' title='bbox 2324 3228 2483 3278; x_wconf 81' lang='lat' dir='ltr'><strong>boves</strong></span> <span class='ocrx_word' id='word_1_487' title='bbox 2506 3227 2707 3286; x_wconf 82' lang='lat' dir='ltr'><strong>Lucas,’</strong></span> <span class='ocrx_word' id='word_1_488' title='bbox 2726 3227 2830 3275; x_wconf 66' lang='lat' dir='ltr'><strong>dte.</strong></span> 
     </span>
     <span class='ocr_line' id='line_1_89' title="bbox 1770 3301 2829 3371; baseline -0.007 -16"><span class='ocrx_word' id='word_1_489' title='bbox 1770 3320 1923 3371; x_wconf 83' lang='lat' dir='ltr'><strong>quam</strong></span> <span class='ocrx_word' id='word_1_490' title='bbox 1945 3320 2012 3355; x_wconf 84' lang='lat' dir='ltr'><strong>ex</strong></span> <span class='ocrx_word' id='word_1_491' title='bbox 2034 3305 2249 3368; x_wconf 76' lang='lat' dir='ltr'><strong>templis.-</strong></span> <span class='ocrx_word' id='word_1_492' title='bbox 2284 3316 2439 3367; x_wconf 88' lang='lat' dir='ltr'><strong>quam</strong></span> <span class='ocrx_word' id='word_1_493' title='bbox 2478 3315 2661 3351; x_wconf 80' lang='lat' dir='ltr'><strong>vocem</strong></span> <span class='ocrx_word' id='word_1_494' title='bbox 2684 3301 2829 3349; x_wconf 85' lang='lat' dir='ltr'><strong>nullo</strong></span> 
     </span>
     <span class='ocr_line' id='line_1_90' title="bbox 1768 3377 2826 3446; baseline -0.006 -14"><span class='ocrx_word' id='word_1_495' title='bbox 1768 3383 1821 3432; x_wconf 86' lang='lat' dir='ltr'><strong>in</strong></span> <span class='ocrx_word' id='word_1_496' title='bbox 1842 3382 2022 3432; x_wconf 89' lang='lat' dir='ltr'><strong>codice</strong></span> <span class='ocrx_word' id='word_1_497' title='bbox 2040 3395 2210 3446; x_wconf 86' lang='lat' dir='ltr'><strong>neque</strong></span> <span class='ocrx_word' id='word_1_498' title='bbox 2222 3393 2477 3430; x_wconf 85' lang='lat' dir='ltr'><strong>manuscr.</strong></span> <span class='ocrx_word' id='word_1_499' title='bbox 2495 3391 2663 3442; x_wconf 88' lang='lat' dir='ltr'><strong>neque</strong></span> <span class='ocrx_word' id='word_1_500' title='bbox 2684 3377 2826 3440; x_wconf 73' lang='lat' dir='ltr'><strong>vulg.</strong></span> 
     </span>
     <span class='ocr_line' id='line_1_91' title="bbox 1765 3457 2160 3522; baseline -0.005 -14"><span class='ocrx_word' id='word_1_501' title='bbox 1765 3457 1957 3522; x_wconf 83' lang='lat' dir='ltr'><strong>reperi.</strong></span> <span class='ocrx_word' id='word_1_502' title='bbox 1991 3458 2160 3508; x_wconf 73' lang='lat' dir='ltr'><strong>lamb.</strong></span> 
     </span>
    </p>

    <p class='ocr_par' dir='ltr' id='par_1_10' title="bbox 1764 3531 2832 4362">
     <span class='ocr_line' id='line_1_92' title="bbox 1794 3531 2831 3596; baseline -0.007 -10"><span class='ocrx_word' id='word_1_503' title='bbox 1794 3549 1802 3554; x_wconf 83' lang='lat'>·</span> <span class='ocrx_word' id='word_1_504' title='bbox 1839 3537 1985 3586; x_wconf 79' lang='lat' dir='ltr'><strong>Ferro</strong></span> <span class='ocrx_word' id='word_1_505' title='bbox 2022 3537 2144 3585; x_wconf 73' lang='lat' dir='ltr'><strong>mle</strong></span> <span class='ocrx_word' id='word_1_506' title='bbox 2180 3533 2370 3596; x_wconf 69' lang='lat' dir='ltr'><strong>macta]</strong></span> <span class='ocrx_word' id='word_1_507' title='bbox 2402 3532 2492 3583; x_wconf 86' lang='lat' dir='ltr'><strong>Sic</strong></span> <span class='ocrx_word' id='word_1_508' title='bbox 2530 3531 2831 3596; x_wconf 78' lang='lat' dir='ltr'><strong>legendum,</strong></span> 
     </span>
     <span class='ocr_line' id='line_1_93' title="bbox 1768 3607 2832 3677; baseline -0.006 -14"><span class='ocrx_word' id='word_1_509' title='bbox 1768 3619 1823 3663; x_wconf 83' lang='lat' dir='ltr'><strong>et</strong></span> <span class='ocrx_word' id='word_1_510' title='bbox 1844 3614 1923 3663; x_wconf 76' lang='lat' dir='ltr'><strong>itu</strong></span> <span class='ocrx_word' id='word_1_511' title='bbox 1938 3613 2135 3663; x_wconf 83' lang='lat' dir='ltr'><strong>habeut</strong></span> <span class='ocrx_word' id='word_1_512' title='bbox 2156 3618 2407 3677; x_wconf 81' lang='lat' dir='ltr'><strong>quattuor</strong></span> <span class='ocrx_word' id='word_1_513' title='bbox 2430 3607 2549 3659; x_wconf 84' lang='lat' dir='ltr'><strong>libri</strong></span> <span class='ocrx_word' id='word_1_514' title='bbox 2571 3621 2832 3657; x_wconf 70' lang='lat' dir='ltr'><strong>manuscr.</strong></span> 
     </span>
     <span class='ocr_line' id='line_1_94' title="bbox 1768 3682 2830 3755; baseline -0.008 -15"><span class='ocrx_word' id='word_1_515' title='bbox 1768 3695 1825 3740; x_wconf 89' lang='lat' dir='ltr'><strong>et</strong></span> <span class='ocrx_word' id='word_1_516' title='bbox 1844 3690 2044 3755; x_wconf 70' lang='lat' dir='ltr'><strong>aliquot</strong></span> <span class='ocrx_word' id='word_1_517' title='bbox 2063 3688 2200 3753; x_wconf 78' lang='lat' dir='ltr'><strong>typis</strong></span> <span class='ocrx_word' id='word_1_518' title='bbox 2234 3686 2429 3737; x_wconf 80' lang='lat' dir='ltr'><strong>excusi.</strong></span> <span class='ocrx_word' id='word_1_519' title='bbox 2461 3682 2697 3736; x_wconf 85' lang='lat' dir='ltr'><strong>‘mactus’</strong></span> <span class='ocrx_word' id='word_1_520' title='bbox 2734 3697 2830 3732; x_wconf 80' lang='lat' dir='ltr'><strong>uu-</strong></span> 
     </span>
     <span class='ocr_line' id='line_1_95' title="bbox 1769 3759 2829 3830; baseline -0.005 -15"><span class='ocrx_word' id='word_1_521' title='bbox 1769 3772 1893 3825; x_wconf 82' lang='lat' dir='ltr'><strong>tem,</strong></span> <span class='ocrx_word' id='word_1_522' title='bbox 1942 3765 2029 3830; x_wconf 90' lang='lat' dir='ltr'><strong>(ut</strong></span> <span class='ocrx_word' id='word_1_523' title='bbox 2062 3765 2221 3814; x_wconf 86' lang='lat' dir='ltr'><strong>docet</strong></span> <span class='ocrx_word' id='word_1_524' title='bbox 2256 3760 2465 3827; x_wconf 76' lang='lat' dir='ltr'><strong>Festus)</strong></span> <span class='ocrx_word' id='word_1_525' title='bbox 2503 3759 2641 3810; x_wconf 88' lang='lat' dir='ltr'><strong>idem</strong></span> <span class='ocrx_word' id='word_1_526' title='bbox 2682 3760 2829 3810; x_wconf 78' lang='lat' dir='ltr'><strong>valet</strong></span> 
     </span>
     <span class='ocr_line' id='line_1_96' title="bbox 1770 3834 2828 3905; baseline -0.004 -17"><span class='ocrx_word' id='word_1_527' title='bbox 1770 3839 1905 3905; x_wconf 86' lang='lat' dir='ltr'><strong>qnod</strong></span> <span class='ocrx_word' id='word_1_528' title='bbox 1942 3839 2132 3904; x_wconf 83' lang='lat' dir='ltr'><strong>‘magis</strong></span> <span class='ocrx_word' id='word_1_529' title='bbox 2154 3837 2392 3888; x_wconf 77' lang='lat' dir='ltr'><strong>auctusz&#39;</strong></span> <span class='ocrx_word' id='word_1_530' title='bbox 2425 3851 2492 3887; x_wconf 77' lang='lat' dir='ltr'><strong>ex</strong></span> <span class='ocrx_word' id='word_1_531' title='bbox 2525 3851 2627 3901; x_wconf 85' lang='lat' dir='ltr'><strong>quo</strong></span> <span class='ocrx_word' id='word_1_532' title='bbox 2650 3834 2828 3885; x_wconf 77' lang='lat' dir='ltr'><strong>‘muc-</strong></span> 
     </span>
     <span class='ocr_line' id='line_1_97' title="bbox 1766 3911 2831 3975; baseline -0.007 -9"><span class='ocrx_word' id='word_1_533' title='bbox 1766 3916 1918 3966; x_wconf 74' lang='lat' dir='ltr'><strong>tare.’</strong></span> <span class='ocrx_word' id='word_1_534' title='bbox 1978 3916 2097 3966; x_wconf 83' lang='lat' dir='ltr'><strong>Jam</strong></span> <span class='ocrx_word' id='word_1_535' title='bbox 2148 3915 2271 3964; x_wconf 78' lang='lat' dir='ltr'><strong>male</strong></span> <span class='ocrx_word' id='word_1_536' title='bbox 2310 3918 2511 3975; x_wconf 70' lang='lat' dir='ltr'><strong>mactus,</strong></span> <span class='ocrx_word' id='word_1_537' title='bbox 2553 3911 2589 3962; x_wconf 86' lang='lat' dir='ltr'><strong>i.</strong></span> <span class='ocrx_word' id='word_1_538' title='bbox 2634 3925 2681 3960; x_wconf 86' lang='lat' dir='ltr'><strong>e.</strong></span> <span class='ocrx_word' id='word_1_539' title='bbox 2724 3925 2831 3960; x_wconf 87' lang='lat' dir='ltr'><strong>non</strong></span> 
     </span>
     <span class='ocr_line' id='line_1_98' title="bbox 1767 3987 2830 4054; baseline -0.003 -13"><span class='ocrx_word' id='word_1_540' title='bbox 1767 3997 1966 4054; x_wconf 82' lang='lat' dir='ltr'><strong>auctus,</strong></span> <span class='ocrx_word' id='word_1_541' title='bbox 1986 3991 2175 4040; x_wconf 72' lang='lat' dir='ltr'><strong>laesusz</strong></span> <span class='ocrx_word' id='word_1_542' title='bbox 2208 3991 2296 4040; x_wconf 81' lang='lat' dir='ltr'><strong>vel</strong></span> <span class='ocrx_word' id='word_1_543' title='bbox 2334 3992 2350 4019; x_wconf 79' lang='lat'><strong>⁴</strong></span> <span class='ocrx_word' id='word_1_544' title='bbox 2366 3996 2549 4039; x_wconf 82' lang='lat' dir='ltr'><strong>maetae</strong></span> <span class='ocrx_word' id='word_1_545' title='bbox 2570 3987 2730 4039; x_wconf 83' lang='lat' dir='ltr'><strong>ferro&#39;</strong></span> <span class='ocrx_word' id='word_1_546' title='bbox 2752 3990 2830 4038; x_wconf 84' lang='lat' dir='ltr'><strong>sic</strong></span> 
     </span>
     <span class='ocr_line' id='line_1_99' title="bbox 1766 4064 2828 4130; baseline -0.001 -13"><span class='ocrx_word' id='word_1_547' title='bbox 1766 4067 1987 4130; x_wconf 89' lang='lat' dir='ltr'><strong>dictum,</strong></span> <span class='ocrx_word' id='word_1_548' title='bbox 2003 4071 2088 4117; x_wconf 73' lang='grc' dir='ltr'><strong>ιιι·</strong></span> <span class='ocrx_word' id='word_1_549' title='bbox 2100 4071 2331 4118; x_wconf 84' lang='lat' dir='ltr'><strong>mactare</strong></span> <span class='ocrx_word' id='word_1_550' title='bbox 2347 4064 2661 4130; x_wconf 79' lang='lat' dir='ltr'><strong>infortunio,’</strong></span> <span class='ocrx_word' id='word_1_551' title='bbox 2681 4067 2697 4094; x_wconf 76' lang='lat'><em>⁴</em></span> <span class='ocrx_word' id='word_1_552' title='bbox 2711 4081 2828 4116; x_wconf 78' lang='lat' dir='ltr'><strong>cru-</strong></span> 
     </span>
     <span class='ocr_line' id='line_1_100' title="bbox 1765 4142 2824 4208; baseline -0.005 -13"><span class='ocrx_word' id='word_1_553' title='bbox 1765 4143 1865 4208; x_wconf 85' lang='lat' dir='ltr'><strong>ce‚’</strong></span> <span class='ocrx_word' id='word_1_554' title='bbox 1905 4145 1922 4173; x_wconf 87' lang='lat'>‘</span> <span class='ocrx_word' id='word_1_555' title='bbox 1940 4143 2211 4203; x_wconf 84' lang='lat' dir='ltr'><strong>cruciatn,&#39;</strong></span> <span class='ocrx_word' id='word_1_556' title='bbox 2250 4143 2387 4208; x_wconf 87' lang='lat' dir='ltr'><strong>apud</strong></span> <span class='ocrx_word' id='word_1_557' title='bbox 2426 4142 2699 4192; x_wconf 81' lang='lat' dir='ltr'><strong>Plautum:</strong></span> <span class='ocrx_word' id='word_1_558' title='bbox 2736 4143 2824 4191; x_wconf 79' lang='lat' dir='ltr'><strong>vel</strong></span> 
     </span>
     <span class='ocr_line' id='line_1_101' title="bbox 1764 4219 2831 4290; baseline -0.003 -19"><span class='ocrx_word' id='word_1_559' title='bbox 1764 4221 1936 4290; x_wconf 83' lang='lat' dir='ltr'><strong>‘male</strong></span> <span class='ocrx_word' id='word_1_560' title='bbox 1975 4219 2196 4283; x_wconf 83' lang='lat' dir='ltr'><strong>mactae,’</strong></span> <span class='ocrx_word' id='word_1_561' title='bbox 2234 4220 2267 4269; x_wconf 90' lang='lat' dir='ltr'><strong>i.</strong></span> <span class='ocrx_word' id='word_1_562' title='bbox 2303 4235 2349 4270; x_wconf 88' lang='lat' dir='ltr'><strong>e.</strong></span> <span class='ocrx_word' id='word_1_563' title='bbox 2389 4220 2525 4270; x_wconf 85' lang='lat' dir='ltr'><strong>male</strong></span> <span class='ocrx_word' id='word_1_564' title='bbox 2558 4224 2831 4268; x_wconf 79' lang='lat' dir='ltr'><strong>mactatae.</strong></span> 
     </span>
     <span class='ocr_line' id='line_1_102' title="bbox 1764 4297 2821 4362; baseline -0.003 -14"><span class='ocrx_word' id='word_1_565' title='bbox 1764 4297 1979 4348; x_wconf 66' lang='lat' dir='ltr'><strong>Lan-bin.</strong></span> <span class='ocrx_word' id='word_1_566' title='bbox 2052 4298 2119 4346; x_wconf 79' lang='lat' dir='ltr'><strong>Ut</strong></span> <span class='ocrx_word' id='word_1_567' title='bbox 2140 4313 2262 4347; x_wconf 74' lang='lat' dir='ltr'><strong>nunc</strong></span> <span class='ocrx_word' id='word_1_568' title='bbox 2290 4313 2413 4362; x_wconf 63' lang='grc' dir='ltr'><strong>ηερε</strong></span> <span class='ocrx_word' id='word_1_569' title='bbox 2445 4299 2579 4348; x_wconf 78' lang='lat' dir='ltr'><strong>boves</strong></span> <span class='ocrx_word' id='word_1_570' title='bbox 2614 4298 2821 4361; x_wconf 69' lang='lat' dir='ltr'><strong>templis,</strong></span> 
     </span>
    </p>
   </div>
  </div>
 </body>
</html>
