3200 4959
589 416 763 485 1742
1256 430 1647 485 ascensus
1700 415 2126 484 somonam

587 580 833 642 cretium
868 580 1092 641 affecta
1119 580 1413 651 habuisse,
1454 581 1674 658 quibus
1710 580 1904 657 adjuti
1947 581 2083 654 sint,
2124 580 2228 658 qui
2255 589 2395 657 post
2423 579 2783 641 Lambinnm

586 677 877 739 illustrare
924 677 1305 737 collectaneis
1348 686 1651 738 tentarunt
1690 678 2052 738 Lucretium.
2093 676 2230 736 Vid.
2277 676 2507 737 Swertii
2549 676 2784 737 Athen.

589 772 757 850 Belg.
789 790 927 849 pag.
956 781 1097 834 518.
1141 773 1272 832 Val.
1312 770 1569 833 Andreae
1615 774 1770 833 Bibl.
1803 774 1968 851 Belg.
2014 791 2153 850 pag.
2193 780 2332 844 579.
2373 772 2499 831 Titi
2527 774 2786 832 Joannis

588 869 1020 929 Scandimensis
1050 871 1467 931 Commentarii
1496 871 1826 932 doctissimi
1853 879 2388 931 commemorantur
2414 890 2452 929 a
2479 870 2785 930 Bernhar-

588 966 727 1027 dino
754 966 1019 1037 Realino,
1049 967 1353 1044 Cal-pensi,
1386 986 1517 1045 cap.
1549 978 1646 1029 14.
1667 974 1870 1027 annot.
1897 967 1958 1025 in
1977 967 2138 1026 varia
2159 966 2364 1044 script.
2392 966 2544 1025 loca.
2575 967 2786 1043 Lamp.

589 1062 766 1121 Grut.
813 1062 992 1121 Tom.
1025 1078 1104 1121 11.
1132 1081 1269 1139 pag.
1300 1061 1441 1129 367.
1483 1062 1750 1122 Andreae
1777 1061 1972 1121 Riveti
1998 1070 2165 1121 notas
2191 1060 2335 1120 Mss.
2364 1062 2423 1120 in
2445 1062 2784 1121 Lucretium

588 1151 791 1216 laudat
814 1156 1114 1217 Servatius
1144 1156 1407 1217 Gallaeus
1434 1156 1511 1215 ad
1542 1158 1815 1217 Lactaut.
1847 1171 1926 1215 u.
1959 1172 2008 1214 1.
2037 1155 2241 1215 Voluit
2267 1156 2444 1214 etiam
2474 1155 2653 1215 edere
2682 1157 2783 1215 Jo.

589 1252 925 1331 Barbeyrac
954 1252 1309 1331 castigatum
1340 1251 1417 1311 ad
1448 1253 1599 1311 Mss.
1651 1260 1713 1311 et
1751 1250 1892 1311 edd.
1931 1257 2076 1309 velt.
2106 1250 2394 1328 metaphr.
2423 1249 2696 1310 Creechii
2723 1255 2791 1308 et

590 1347 713 1407 suis
754 1348 1114 1426 aliorumque
1144 1348 1334 1419 notis,
1380 1348 1501 1407 vid.
1532 1347 1585 1407 le
1615 1348 1789 1407 Clerc
1816 1346 1970 1406 Bibl.
2001 1346 2188 1405 chois.
2215 1348 2388 1405 Tom.
2423 1362 2605 1405 xvu.
2638 1364 2785 1423 pag.

594 1450 735 1504 242.
778 1444 899 1504 Sed
935 1444 1270 1505 institutum
1300 1443 1545 1521 abjecit,
1574 1443 1702 1502 sine
1720 1442 1968 1520 jactura
1997 1461 2206 1520 magna
2233 1442 2549 1513 literarum,
2579 1452 2645 1502 ut
2667 1461 2790 1520 pu·-

592 1551 807 1600 tamus.
850 1538 945 1600 De
998 1540 1260 1600 Britanni
1309 1540 1481 1600 Rich.
1529 1538 1816 1619 Burridge
1858 1538 2161 1619 promissis
2208 1539 2264 1596 in
2296 1538 2628 1597 Lucretium
2659 1539 2789 1598 ani-

589 1635 784 1695 madv.
814 1635 936 1696 vid.
967 1635 1128 1695 Acta
1155 1635 1344 1695 Erud.
1378 1635 1553 1704 1716.
1584 1652 1722 1713 pag.
1749 1631 1849 1693 64.
1893 1633 2086 1693 Etiam
2104 1642 2332 1692 textum
2363 1633 2616 1692 Lucretii
2643 1654 2786 1695 cum

590 1732 739 1791 Mss.
768 1731 1101 1792 contulerat
1146 1740 1209 1790 et
1256 1730 1593 1790 emendarat
1623 1732 1832 1790 Franc.
1878 1729 2172 1800 Medices,
2219 1736 2370 1789 teste
2398 1729 2468 1788 P.
2512 1729 2787 1789 Victorio

593 1827 853 1905 Castigg.
880 1835 1106 1907 poster.
1136 1825 1213 1885 ad
1244 1826 1435 1886 Cicer.
1466 1827 1624 1904 Epp.
1665 1842 1784 1885 xv.
1833 1835 1928 1896 19.
1973 1824 2072 1884 ubi
2102 1836 2160 1883 et
2189 1826 2519 1903 exemplum
2550 1843 2786 1885 correc-

592 1922 770 1982 tionis
800 1943 833 1982 e
862 1922 995 1982 libr.
1027 1936 1108 1985 11.
1154 1922 1351 1994 affert,
1396 1940 1532 2000 quae
1570 1922 1632 1981 in
1661 1940 1864 1982 omnes
1906 1930 2044 1999 post
2081 1922 2366 1981 editiones
2395 1930 2634 1997 recepta
2671 1929 2783 1980 est.

592 2020 745 2079 Mss.
772 2017 1027 2078 Codices
1068 2018 1277 2096 passim
1322 2027 1531 2078 extant
1570 2018 1632 2077 in
1674 2016 2078 2087 bibliothecis,
2121 2026 2186 2075 ut
2232 2036 2266 2075 e
2298 2015 2601 2093 catalogis
2631 2017 2783 2075 Mss.

588 2114 762 2191 impr.
812 2113 1263 2173 Montefalconii
1308 2121 1515 2191 patet:
1561 2112 1684 2171 duo
1730 2112 2162 2172 membranacei
2203 2112 2265 2169 in
2311 2111 2587 2171 Leidensi
2632 2112 2787 2171 inter

591 2208 932 2269 Vossianos.
980 2209 1187 2269 Codex
1236 2208 1678 2286 antiquissimus
1707 2217 1798 2268 est
1847 2208 1904 2267 in
1947 2208 2311 2269 bibliotheca
2347 2207 2783 2285 Gottorpiensi.

588 2305 729 2365 Nic.
760 2305 1031 2364 Heinsius
1059 2304 1117 2362 in
1146 2306 1256 2381 Ep.
1286 2303 1364 2363 ad
1396 2303 1745 2363 Selicferum
1783 2303 1986 2379 (Tom.
2018 2307 2094 2362 V.
2123 2303 2345 2382 Syllog.
2392 2305 2594 2362 Burm.
2637 2323 2779 2382 pag.

591 2399 719 2470 21.)
760 2399 872 2465 ,tria
914 2418 979 2456 se
1027 2398 1287 2458 Lucretii
1333 2400 1690 2475 exemplaria
1733 2418 1916 2477 supra
1959 2420 2146 2460 annos
2189 2409 2335 2461 800.
2373 2402 2590 2478 scripta
2629 2399 2784 2459 dicit

592 2493 899 2563 evolvisse,
931 2491 1033 2551 sed
1078 2493 1201 2551 sine
1240 2512 1455 2573 magno
1483 2494 1704 2554 fructu.
1746 2496 1923 2555 Extat
1965 2507 2028 2557 et
2075 2497 2133 2555 in
2182 2497 2329 2555 bibl.
2382 2494 2544 2561 Leid.
2595 2495 2782 2554 editio

594 2587 788 2646 Antv.
825 2586 1003 2649 1565.
1033 2606 1171 2646 cum
1198 2589 1339 2647 Mss.
1369 2589 1585 2648 collata
1615 2609 1650 2648 a
1678 2592 1775 2649 Fr.
1803 2590 2032 2651 Nansio
2055 2602 2116 2652 et
2142 2592 2221 2654 Is.
2253 2592 2488 2664 Vossio,
2515 2598 2576 2651 et
2602 2590 2784 2650 editio

592 2682 784 2761 Lugd.
820 2681 995 2754 1576.
1025 2692 1229 2745 notata
1255 2684 1597 2745 casauboni
1625 2704 1822 2746 manu.

1282 2940 2127 3025 VERSIONES.

1490 3134 1892 3195 GALLICAE.

678 3266 836 3330 1650
877 3267 1166 3327 LePoete
1195 3265 1457 3325 Lucrece
1498 3265 1641 3324 latin
1685 3274 1746 3325 et
1790 3265 2065 3345 franeois,
2107 3261 2290 3325 ‹le-la
2325 3265 2661 3329 traduction
2709 3269 2784 3329 de

595 3364 716 3422 Mr.
745 3360 821 3420 de
851 3359 1153 3420 Marolles.
1182 3359 1367 3431 Paris,
1396 3359 1544 3419 chez
1568 3359 1892 3419 Toussaint
1919 3360 2160 3429 Quinet.
2193 3371 2251 3423 8.

680 3454 837 3525 1659
880 3454 993 3513 Les
1022 3454 1111 3513 six
1139 3454 1313 3513 livres
1342 3453 1417 3513 de
1440 3454 1704 3513 Lucrece
1729 3454 1806 3513 de
1835 3455 1892 3515 la
1917 3465 2128 3516 nature
2145 3456 2248 3515 des
2271 3457 2501 3529 choses,
2527 3458 2782 3518 traduits

594 3569 703 3629 par
750 3550 945 3609 Mich.
974 3548 1049 3608 de
1078 3551 1381 3608 Marolles.
1424 3550 1697 3609 Seconde
1731 3549 1976 3623 edition,
2021 3552 2368 3629 augmentee
2398 3554 2471 3612 de
2501 3555 2691 3613 tables
2721 3562 2785 3614 et

590 3645 671 3703 de
690 3662 1069 3721 remarques3
1112 3645 1150 3702 a
1176 3664 1337 3723 quoy
1366 3653 1501 3704 sont
1526 3646 1838 3723 adjofitees
1881 3647 1967 3707 les
2010 3649 2218 3725 petites
2261 3658 2431 3709 notes
2469 3650 2676 3709 latines
2701 3649 2778 3708 de

594 3736 892 3807 Gifanius,
921 3746 980 3795 et
1006 3738 1063 3796 la
1088 3738 1181 3797 vie
1208 3737 1529 3817 d'Epicure
1551 3740 1694 3800 tii-ee
1723 3741 1800 3801 de
1833 3741 2096 3819 Diogene
2126 3744 2365 3805 Laerce.
2394 3744 2581 3805 Paris.
2611 3744 2778 3804 Guil.

596 3832 675 3893 de
703 3832 930 3910 Luyne.
964 3841 1022 3893 8.

676 3926 837 3990 1685
879 3930 1139 3989 Luci-coe
1164 3930 1241 3990 de
1267 3931 1327 3991 la
1353 3940 1575 3995 nature
1593 3934 1698 3995 des
1726 3934 1960 4005 choses,
1991 3954 2136 3994 avec
2163 3934 2268 3994 des
2296 3953 2634 4012 remarques
2673 3954 2780 3995 sur

592 4025 679 4081 les
702 4024 963 4085 endroits
993 4025 1077 4085 les
1132 4025 1265 4104 plus
1312 4026 1583 4098 difficiles
1613 4050 1628 4088 ε
1675 4030 2009 4092 traduction
2055 4030 2322 4089 nouvelle
2366 4035 2498 4108 <par
2547 4032 2662 4090 Mr.
2699 4030 2777 4088 de

594 4119 931 4195 Coutures.)
960 4122 1140 4183 Paris.
1169 4123 1283 4182 Tb.
1318 4125 1597 4185 Guillain.
1633 4136 1689 4188 8.
1717 4136 1753 4188 2
1781 4125 1917 4185 voll.

678 4213 831 4285 1692
874 4217 983 4275 Les
1014 4220 1263 4279 OEuvrcs
1288 4219 1363 4279 de
1394 4220 1677 4282 Lucu-ece.
1705 4227 2026 4283 contenaut
2069 4243 2129 4283 sa
2171 4223 2548 4302 philosophie
2577 4240 2678 4281 sur
2719 4222 2778 4283 la
