3200 4959
605 443 671 490 T.
720 437 1077 491 nucflss'rn
1125 439 1307 488 cAlu
1362 439 1459 487 ΒΕ
1506 437 1770 488 RERUM
1823 439 1997 486 NAT.
2050 439 2190 488 [AB.
2236 439 2336 488 1V.

2428 421 2605 491 1449

420 583 589 648 prima
613 591 785 633 autem
816 584 1021 633 tautum
1062 582 1245 632 timide
1285 587 1338 630 et
1376 595 1473 645 pu·
1540 579 1674 644 prio]
1698 580 2076 646 Argumentum
2097 585 2180 632 est
2211 595 2241 631 a
2263 579 2468 632 minori.
2503 579 2604 634 At·

421 661 608 708 denter
646 674 919 722 posueram
965 657 1129 708 videri
1174 672 1329 721 posse
1366 656 1473 718 legi

419 737 525 785 Aut
566 739 707 798 qaod,
738 750 855 786 cum
909 735 1029 785 libri
1066 742 1177 784 vet.
1220 734 1473 784 habereut

420 813 609 875 partim
638 815 741 862 Aut
770 826 897 873 cam,
932 817 991 860 ut
1028 810 1247 874 vulgati,
1285 809 1473 873 partim

419 889 523 938 Aut
542 903 697 951 quom.
720 888 906 937 Melius
928 893 1099 937 autem
1134 887 1355 950 quadrat
1374 887 1476 936 Ast

420 970 561 1030 qaod,
610 983 766 1032 quam
810 968 911 1017 Aut
942 982 1067 1030 cum,
1108 967 1189 1028 ξε.
1241 966 1475 1029 sequitur

420 1042 579 1102 enim,
621 1041 763 1094 ‘Aut
807 1042 944 1106 quod
978 1041 1029 1090 in
1064 1040 1342 1104 ambiguo,'
1373 1043 1473 1089 &c-

420 1116 589 1166 Iaemb.
635 1115 709 1166 At
764 1132 861 1181 ego
915 1117 1155 1167 revocavi
1208 1116 1474 1165 meliorum

420 1193 555 1242 Mss-
592 1193 892 1254 lectionem,
914 1193 1069 1256 idque
1106 1191 1173 1242 ob
1210 1192 1299 1241 bas
1321 1189 1476 1240 ratio·

422 1281 515 1316 nes
534 1285 549 1330 ς
580 1269 749 1332 primo
766 1283 867 1318 non
886 1269 1011 1318 dicit
1030 1269 1145 1318 ideo
1170 1269 1330 1318 amari
1348 1267 1475 1317 illud

424 1347 477 1395 iu
510 1347 626 1409 ipsa
660 1347 849 1397 laetitia
872 1347 1127 1396 hominem
1148 1347 1477 1406 contristare,

424 1421 565 1486 quod
588 1422 781 1472 animus
800 1422 897 1471 sibi
918 1423 1013 1470 boc
1035 1422 1118 1470 vel
1140 1421 1266 1471 illud
1290 1433 1475 1484 sugge-

427 1503 531 1559 rat,
552 1497 643 1546 sed
666 1511 821 1561 quum
846 1497 975 1547 illud
1007 1495 1147 1546 forte
1170 1496 1397 1556 accidat,
1420 1499 1479 1544 ut

430 1572 569 1623 iuter
605 1575 901 1637 voluptates
939 1573 1053 1622 sani
1088 1573 1215 1636 quid
1252 1572 1481 1635 cogitetz

428 1647 549 1697 dein
565 1648 691 1698 illud
733 1651 749 1676 ‘
766 1647 923 1712 quod’
946 1647 1147 1697 duobus
1180 1654 1297 1710 post
1318 1648 1478 1696 versi·

431 1721 527 1772 bus
558 1737 779 1788 sequens
815 1725 947 1773 sumi
980 1722 1139 1773 debet
1170 1737 1235 1772 ac
1258 1722 1297 1771 si
1322 1722 1479 1772 dixis·

430 1806 514 1848 set
550 1799 823 1864 ‘aliquods’
872 1813 976 1848 nou
1010 1812 1137 1848 vero
1168 1799 1479 1862 separation

428 1875 491 1939 si,
508 1875 691 1940 iuquit,
708 1877 915 1941 aliquod
941 1876 1151 1926 verbum
1168 1876 1221 1924 in
1240 1876 1481 1940 ambiguo

428 1951 595 2002 amica
614 1952 825 2014 dixerit,
856 1952 1023 2001 simile
1059 1951 1311 2002 videlicet
1340 1951 1481 2002 face·-

428 2024 521 2076 tiis
542 2026 667 2087 illis,
700 2027 717 2054 ⁶
736 2041 853 2090 quoe
893 2026 979 2076 ubi
1014 2026 1231 2076 multum
1266 2040 1333 2076 ex
1360 2041 1481 2076 vero

426 2107 664 2162 traxere,
692 2116 867 2151 acrem
900 2101 977 2150 sui
1002 2101 1297 2152 memoriam
1332 2102 1484 2150 relin-

426 2177 639 2242 quunt‚'
671 2184 730 2226 ut
752 2178 919 2241 inquit
938 2179 1103 2231 Tacit.
1122 2177 1261 2228 Anu.
1287 2181 1369 2227 15.
1402 2181 1485 2228 68.

426 2255 499 2304 de
531 2255 721 2304 amoris
765 2255 1101 2306 incommodis
1144 2254 1265 2304 vide
1310 2255 1486 2304 Plaut.

430 2331 660 2381 Mercat.
685 2332 829 2382 Prol.
846 2346 920 2382 vs.
951 2335 1031 2382 24.
1053 2338 1111 2382 ct
1140 2332 1259 2381 Ter.
1281 2331 1413 2380 Eun.
1438 2333 1485 2380 1.

433 2411 481 2456 1.
508 2410 588 2457 18.
623 2407 753 2456 Hac.

502 2485 629 2532 1129
660 2482 938 2546 Lucri-squ
953 2481 1133 2546 perire]
1153 2482 1217 2532 Iu
1238 2482 1415 2532 lustris
1429 2487 1487 2532 et

434 2557 611 2622 ganeis
633 2559 793 2608 vitam
828 2566 1125 2619 conterere,
1158 2565 1215 2608 et
1250 2558 1483 2621 corporis

437 2635 591 2684 vireis
610 2635 901 2698 absumere,
934 2641 993 2684 et
1028 2649 1139 2684 rem
1176 2633 1485 2684 familiarem

436 2711 669 2776 perdere.
706 2711 893 2762 Festus
911 2728 928 2774 ς
948 2712 965 2740 ‘
982 2712 1169 2762 Lustra
1190 2709 1487 2773 significant

436 2788 597 2837 lamas
638 2789 855 2846 lutosas,
894 2803 1011 2852 quae
1056 2792 1177 2836 suut
1212 2786 1267 2838 iu
1308 2785 1488 2848 sylvis,

442 2877 683 2926 aprorum
712 2862 937 2912 cubilia?
968 2877 999 2912 a
1020 2877 1122 2926 qua
1152 2859 1485 2910 similitudine

439 2939 477 2988 ii
496 2939 580 3003 qui
601 2939 655 2987 iu
677 2940 799 2988 locis
820 2939 1015 2990 abditis
1037 2944 1093 2986 et
1121 2937 1343 2986 sordidis
1364 2951 1487 2986 ven-

438 3015 511 3066 tri
528 3021 585 3065 et
614 3015 829 3066 desidia
846 3029 1058 3080 operam
1078 3013 1225 3076 dant,
1248 3012 1489 3063 dicuutur

438 3093 493 3140 in
515 3093 691 3144 lustris
714 3092 873 3142 vitam
912 3105 1083 3156 agere.
1118 3091 1297 3140 Plaut.
1339 3089 1488 3139 Asin.

440 3171 556 3218 53.
588 3171 672 3218 84.
718 3167 733 3194 ‘
754 3169 897 3218 cauo
933 3161 1107 3230 capite
1147 3173 1201 3215 te
1240 3166 1493 3215 cucullum

446 3258 577 3293 uxor
598 3257 665 3292 ex
684 3244 865 3293 lustris
886 3241 1061 3306 rapit.'
1093 3241 1259 3290 Lamb.

506 3323 635 3370 1130
670 3320 771 3369 Aut
790 3321 911 3382 quod
930 3319 984 3366 in
1004 3317 1247 3379 ambiguo]
1262 3318 1309 3366 1.
1330 3331 1379 3366 e.
1401 3321 1493 3366 aut

438 3395 579 3460 quod
614 3409 681 3446 ea
714 3411 831 3460 quae
868 3401 1092 3457 amatur,
1114 3393 1305 3458 aliquid
1338 3392 1495 3442 ambi·

446 3487 545 3536 gne
565 3471 740 3521 locuta
757 3475 853 3519 est.
886 3469 1054 3518 Lemb.

514 3552 637 3598 1131
706 3545 935 3608 Vive-scit,
984 3551 1039 3594 at
1074 3543 1227 3607 ignis]
1276 3544 1401 3608 Sup.
1444 3547 1494 3595 1.

441 3629 529 3674 33.
546 3624 563 3653 ‘
578 3630 634 3674 et
645 3625 824 3674 vivant
837 3623 1072 3673 labentes
1090 3621 1299 3672 aetheris
1316 3619 1501 3683 ignes,’

444 3705 542 3751 estc.
585 3700 683 3751 inf.
724 3707 773 3750 5.
806 3705 921 3751 478.
983 3699 999 3728 ‘
1025 3701 1096 3749 Et
1139 3705 1313 3747 tamen
1357 3696 1496 3746 iuter

440 3783 697 3842 utrosque
738 3777 815 3825 ita
848 3781 989 3837 sunt,
1026 3774 1089 3824 ut'
1123 3785 1343 3838 corpora
1379 3772 1497 3822 viva

442 3852 707 3912 Vei-senff
726 3855 825 3902 διο.
856 3851 1026 3902 Lumb.

510 3933 641 3979 1132
674 3930 775 3979 Aut
790 3929 1201 3989 nimian-jactare,
1220 3925 1326 3994 ξφ]
1348 3923 1499 3973 Ordo

447 4011 561 4054 estz
598 4003 709 4054 Aut
742 4004 880 4069 quod
922 4009 1121 4053 amator
1164 4008 1315 4066 putat
1356 4001 1499 4049 illam

444 4081 626 4130 oculos
649 4081 860 4130 nimium
874 4081 1101 4144 Jactare,
1135 4083 1289 4142 atque
1311 4079 1411 4126 huc
1446 4080 1501 4124 et

442 4157 575 4206 illuc
598 4164 866 4222 torquere,
898 4156 1155 4220 aliumque
1178 4155 1345 4204 virum
1365 4155 1499 4203 intu-

450 4233 543 4283 eri.
573 4233 744 4282 Lumb.

515 4307 643 4360 1134
674 4310 835 4374 Atque
854 4311 913 4359 iu·
939 4323 1095 4359 umore
1124 4310 1249 4359 mula
1282 4308 1383 4358 mo
1394 4318 1503 4370 pro·

1550 659 1640 723 qui
1671 657 1892 723 (inquit)
1920 658 1970 706 iu
2003 671 2178 706 amore
2201 657 2447 720 secundo,
2469 663 2526 708 et
2549 660 2604 708 in

1551 747 1654 798 quo
1677 733 1848 782 omnia
1872 746 1938 782 ex
1957 733 2113 782 auiiui
2135 733 2396 782 sententia
2415 747 2604 796 proce·

1548 808 1699 871 dunt,
1715 809 1830 858 imo
1853 809 1988 859 mala
2010 808 2370 858 inveniuntur:
2407 817 2606 872 quanto

1548 882 1712 947 igitur
1735 885 1885 948 plura
1905 890 1960 934 ct
1981 884 2218 948 graviora
2240 883 2410 932 inesse
2431 883 2602 934 credi-

1550 959 1657 1010 bile
1675 968 1758 1010 est
1779 961 1832 1010 iu
1855 959 2098 1010 adverso?
2132 964 2149 988 ⁴
2163 958 2356 1024 Atque’
2379 961 2606 1023 positum

1553 1035 1755 1084 videtur
1787 1049 1880 1098 pro
1902 1035 2078 1101 atquiz
2115 1042 2174 1084 ut
2205 1049 2346 1098 sirpe
2383 1035 2527 1096 alibi,
2549 1041 2606 1086 et

1550 1111 1686 1174 apud
1710 1111 1837 1160 alios
1861 1111 2106 1174 probatos
2121 1111 2416 1174 scriptores.
2436 1109 2606 1162 Lasnb.

1548 1185 1932 1236 Terentianum.
1971 1185 2138 1244 Gilua.
2202 1185 2365 1235 Amor
2405 1186 2608 1250 propri-

1550 1277 1611 1311 us
1629 1269 1726 1326 est,
1739 1277 1854 1314 cum
1872 1262 1986 1327 quis
2005 1278 2036 1310 a
2055 1261 2356 1311 muliercula
2373 1261 2449 1310 ita
2469 1275 2606 1312 ama·

1553 1347 1659 1400 tur,
1679 1345 1740 1388 ut
1762 1351 1938 1387 omues
1963 1338 2090 1386 alios
2123 1337 2211 1386 illa
2241 1335 2331 1384 abs
2353 1351 2410 1386 se
2430 1350 2605 1400 segre-

1552 1419 1684 1478 get3
1732 1413 1816 1464 cui
1853 1415 2071 1476 opponit
2103 1413 2378 1462 Lucretius
2432 1419 2610 1462 ‘amo-

1552 1502 1663 1538 rem
1681 1487 1950 1538 adversum
1969 1491 2024 1537 et
2039 1488 2241 1550 inopem
2259 1486 2294 1548 ς·
2315 1487 2349 1537 i.
2373 1501 2418 1536 e.
2431 1486 2484 1535 iu
2501 1500 2606 1550 qno

1550 1566 1716 1614 multa
1741 1563 1833 1613 tibi
1867 1563 2088 1612 adversa
2117 1563 2240 1624 siut,
2272 1562 2465 1627 quique
2488 1562 2606 1622 ἀμη-

1550 1639 1720 1702 χανίαν
1755 1637 1961 1701 afferat,
1995 1647 2050 1688 et
2073 1639 2124 1688 iu
2148 1653 2250 1704 quo
2269 1639 2486 1688 amicam
2507 1653 2608 1690 nou

1552 1717 1710 1766 liabes
1777 1716 1902 1766 satis
1959 1715 2284 1780 morigeram.
2350 1715 2508 1766 Faber
2551 1719 2608 1766 et

1557 1790 1750 1845 cneci.

1618 1872 1746 1918 1135
1781 1868 1946 1930 Inopi]
1966 1864 2238 1928 ’Annxdvm
2260 1879 2352 1915 seu
2375 1864 2428 1914 iu
2451 1879 2534 1927 eo,
2553 1863 2607 1916 in

1554 1955 1658 2007 quo
1683 1949 1884 1992 amator
1913 1943 2080 1990 amica
2101 1955 2202 1991 uon
2221 1942 2424 2003 potitur
2442 1955 2459 1990 ε
2491 1953 2608 2006 qun

1556 2033 1752 2068 summa
1772 2018 1978 2068 miseria
2001 2024 2101 2066 est.
2133 2016 2303 2066 Lamo.

1623 2097 1750 2144 1186
1782 2095 2028 2144 prendere
2047 2107 2150 2155 (μω
2183 2091 2334 2154 possis
2374 2093 2612 2142 oculorum

1557 2170 1756 2233 lumine]
1789 2170 1834 2220 Ι.
1857 2183 1902 2218 e.
1925 2183 2041 2235 quae
2063 2167 2228 2218 oculis
2253 2181 2466 2216 cernere
2488 2181 2610 2231 que-

1558 2261 1653 2296 as:
1699 2261 1814 2312 quoe
1847 2252 1970 2295 suut
2011 2245 2064 2296 in
2107 2251 2315 2308 promtu
2359 2243 2532 2306 posita
2555 2250 2612 2294 et

1558 2321 1851 2372 manifesta.
1891 2320 2062 2370 [Δηώ.
2128 2319 2262 2370 Hoec
2302 2319 2524 2369 malain
2557 2335 2614 2368 a·

1557 2409 1700 2446 more
1742 2393 1886 2446 felici
1923 2401 2078 2455 sunt3
2115 2393 2234 2458 quid
2273 2393 2328 2441 in
2363 2393 2612 2442 adverso?

1559 2477 1642 2522 tot
1676 2477 1937 2536 tautaeque
1957 2470 2029 2520 ibi
2046 2476 2166 2520 suut
2187 2469 2532 2530 calamitates,
2555 2473 2616 2517 ut

1558 2562 1712 2598 nemo
1735 2561 1838 2596 nou
1877 2547 1997 2595 illas
2019 2543 2176 2594 facile
2197 2543 2487 2608 pervideat.
2521 2544 2618 2592 Fa-

1560 2626 1659 2674 ber.
1715 2623 1778 2673 In
1802 2623 2018 2672 adverso
2042 2633 2214 2670 amore
2248 2625 2328 2668 tot
2349 2623 2616 2682 tantaque

1561 2707 1680 2750 sunt
1701 2699 2040 2758 calamitates,
2079 2702 2140 2744 ut
2173 2707 2326 2744 nemo
2358 2707 2461 2742 uon
2501 2693 2618 2742 illas

1560 2775 1715 2826 facile
1739 2773 2030 2839 pervideat.
2095 2769 2204 2820 Alii
2226 2776 2400 2819 tamen
2435 2770 2618 2832 legunt

1562 2859 1743 2918 operto,
1789 2851 1820 2902 i.
1847 2866 1895 2900 c.
1927 2863 2090 2911 coeco,
2139 2845 2376 2898 Quilibet
2401 2846 2501 2894 viz.
2535 2845 2620 2894 vel

1563 2945 1734 2982 caecus
1749 2929 1941 2979 videat.
1979 2923 2173 2975 Crescit.

1633 3010 1766 3056 1138
1801 3006 2086 3065 Curaeque,
2103 3015 2162 3052 uc
2197 2995 2500 3062 inlaqueata]
2532 2998 2618 3048 Sic

1565 3096 1704 3132 nunc
1729 3078 1989 3130 edendum
2012 3075 2208 3138 curavi,
2239 3088 2334 3136 pro
2364 3073 2618 3135 inliciat-is,

1567 3158 1706 3224 quod
1729 3157 1850 3206 olim
1875 3153 2150 3220 probaram
2184 3148 2396 3198 secutus
2417 3147 2622 3198 codices

1572 3235 1828 3297 vulgatos.
1894 3228 1976 3279 Ad
1998 3230 2132 3276 hanc
2155 3229 2330 3272 autem
2353 3223 2618 3285 conjectu·

1572 3325 1682 3360 ram
1711 3322 1794 3358 me
1817 3306 1968 3355 duxit
1993 3302 2160 3354 codex
2193 3299 2542 3362 Bertiniauus,
2563 3305 2622 3350 et

1572 3383 1934 3442 Memmiauus,
1953 3379 2044 3444 qui
2065 3379 2256 3426 habent
2289 3375 2478 3439 partim
2509 3375 2621 3424 inli-

1570 3460 1750 3525 qauris,
1783 3457 1974 3522 partim
2005 3453 2264 3516 inliqueris.
2328 3452 2502 3516 Atque
2523 3451 2620 3500 boc

1569 3535 1726 3586 modo
1765 3533 1874 3583 siue
1927 3531 2088 3580 dubio
2125 3527 2416 3592 legendnm.
2457 3533 2514 3576 ct
2554 3539 2620 3576 ue

1570 3612 1772 3663 Zoilum
1813 3608 2021 3674 quidem
2055 3607 2184 3656 banc
2219 3605 2494 3653 lectionem
2527 3603 2622 3652 im-

1569 3688 1908 3752 probaturum
1931 3690 2088 3748 puto:
2123 3681 2222 3732 nisi
2243 3681 2380 3731 forte
2415 3695 2479 3730 ea
2510 3694 2628 3743 gra-

1572 3766 1647 3814 tia
1667 3778 1768 3814 uon
1787 3761 2044 3828 probabit,
2053 3773 2118 3808 ue
2139 3759 2336 3807 desinat
2351 3771 2462 3806 esse
2479 3755 2625 3806 κυνό-

1569 3858 1681 3903 a-ns,
1719 3845 1813 3888 aut
1850 3837 2030 3896 hebes,
2075 3840 2167 3882 aut
2202 3833 2492 3894 ἀναίσθητος,
2535 3837 2626 3882 aut

1574 3919 1770 3968 Zoilus.
1836 3910 2120 3974 Usurpavit
2156 3910 2252 3957 hoc
2288 3909 2503 3959 verbum
2525 3905 2625 3956 Ar-

1574 3993 1696 4043 nob.
1735 3991 1825 4041 lib.
1865 3993 1916 4039 2.

1574 4069 1704 4120 dolis
1740 4074 1895 4131 atque
1933 4061 2128 4112 insidiis
2169 4057 2373 4107 nescios
2390 4054 2425 4106 ε’
2459 4063 2512 4106 et
2545 4057 2625 4106 Μ.

1551 4145 1709 4194 ’Τιι11.
1753 4145 1868 4206 ejus
1905 4135 2242 4204 participium
2280 4133 2514 4182 oratione
2557 4133 2628 4183 de.

1576 4223 1808 4283 Harusp.
1831 4233 1968 4281 resp.
2005 4217 2021 4242 ‘
2037 4213 2356 4286 Illaqueatus
2383 4209 2496 4272 jam
2517 4223 2624 4258 om·

1578 4295 1719 4350 niu'm
1738 4299 1906 4360 legum
1920 4289 2198 4358 periculis}
2231 4287 2402 4338 Luni».

1984 3989 2000 4015 ‘
2024 3986 2334 4048 Illaqueare,
2381 3981 2628 4044 decipere
2718 3974 2726 3980 ’
