3200 4959
564 383 633 428 Τ.
683 379 1039 430 Lucnss‘rn
1082 378 1263 427 estu
1316 379 1411 426 DE
1458 377 1728 428 RERUM
1779 380 1956 429 NA'r.
2011 383 2150 428 [ΑΒ.
2199 381 2298 428 lv.

365 521 661 586 geminum'
698 521 995 584 Lucretius,
1031 521 1215 584 Virgil-
1246 529 1303 571 et
1342 520 1429 570 elil

362 599 655 662 appellent.
719 597 909 661 Itaque
950 595 1301 660 ‘tergeminos
1337 597 1428 646 ho-

362 675 551 725 nores'
576 675 629 723 in
650 674 754 724 Od.
794 677 843 723 1.
876 678 924 723 1.
962 673 1135 737 posuit
1174 673 1429 722 Horatius

365 767 462 816 pro
484 749 811 814 amplissimis
834 748 1133 810 honoribus,
1154 755 1213 798 nt
1246 741 1347 812 'ego
1376 749 1429 798 in

364 824 591 876 secunda
612 824 845 874 editione
881 823 1167 872 Horatiana
1188 822 1431 886 indicavi,

366 909 421 950 et
442 901 721 950 Turnebus
745 900 931 962 prohat
953 915 967 948 ε
994 912 1309 964 quemquam
1340 898 1429 948 alii

366 977 432 1026 sd
476 989 745 1024 numerum
781 967 1027 1023 honorum
1062 979 1119 1023 et
1158 975 1429 1038 magistra·

370 1059 513 1100 tunm
538 1049 789 1109 referunt,
820 1047 1043 1098 fortasse
1076 1049 1241 1098 minus
1262 1055 1427 1098 recte.

366 1129 437 1176 Et
458 1125 699 1190 quonism
718 1125 857 1174 illius
880 1124 992 1172 ode
1026 1123 1203 1188 primm
1236 1125 1431 1173 mentio

366 1202 516 1252 facta
584 1207 683 1262 est,
736 1200 867 1249 libet
915 1199 1001 1248 hic
1062 1200 1187 1248 mihi
1246 1200 1429 1249 horum

368 1291 607 1325 versuum
657 1275 1059 1338 explicationem
1118 1281 1431 1336 retractare,

369 1352 387 1380 ‘
413 1352 571 1400 Hunc
604 1351 647 1399 si
670 1349 930 1400 mobilium
964 1350 1119 1400 turha
1148 1351 1429 1403 Qniritium

370 1428 555 1476 Certat
579 1425 914 1489 tergeminis,'
950 1429 1049 1475 &c.
1084 1441 1245 1490 nsque
1281 1425 1347 1475 nd
1372 1427 1430 1474 il-

370 1502 500 1564 lum,
516 1502 531 1529 ‘
556 1501 847 1564 Numquam
870 1503 1168 1562 demoveas,
1192 1507 1250 1550 ut
1282 1501 1431 1551 trshe

370 1577 717 1642 Cypris,'&c.
786 1578 919 1626 Nam
959 1580 1096 1627 hunc
1128 1579 1299 1628 locum
1321 1578 1431 1627 vul·

370 1669 435 1717 go
468 1655 544 1702 sic
584 1653 872 1716 explicant,
906 1658 963 1701 et
997 1667 1083 1701 me
1122 1667 1239 1701 cum
1276 1652 1431 1714 vulgo

370 1729 449 1778 sic
499 1729 707 1778 memini
754 1743 871 1777 enm
924 1729 1224 1792 explicare:
1268 1730 1429 1778 Num·

372 1818 527 1867 quam
544 1804 837 1865 demoveas,
860 1818 955 1853 seu
976 1803 1253 1862 dimoveas,
1273 1803 1431 1852 etiam

370 1878 701 1941 amplissimis
724 1878 1107 1928 conditionibus
1140 1879 1207 1928 de
1228 1893 1321 1928 suo
1359 1879 1433 1928 vi·

369 1960 439 2004 tae
456 1953 711 2017 degenda
729 1966 939 2016 genere,
954 1955 1107 2015 hunc,
1124 1969 1309 2017 nempe
1329 1969 1433 2002 am-

372 2029 621 2078 bitiosum
644 2028 889 2092 sliqnem,
912 2031 955 2079 si
988 2031 1209 2093 populus
1245 2032 1433 2080 Roma·

368 2119 467 2153 nns
494 2116 615 2150 enm
637 2103 845 2151 studeat
878 2105 1197 2166 amplissimis
1228 2105 1434 2154 honori-

369 2181 467 2230 bus
487 2192 693 2228 ornare.
761 2179 911 2228 Illum
950 2195 1225 2245 numquam
1260 2182 1434 2230 demo-

372 2269 515 2312 veas,
538 2253 581 2302 si
606 2253 677 2302 sit
712 2252 857 2302 dives
898 2261 1087 2317 arator,
1108 2263 1162 2304 et
1194 2271 1435 2320 magnam

371 2331 475 2379 vim
510 2329 758 2378 frumenti
782 2343 848 2377 ex
888 2331 1025 2392 agris
1059 2332 1165 2380 suis
1197 2332 1436 2396 pert-epti

372 2411 431 2456 et
450 2405 661 2456 collecti
684 2404 739 2452 in
764 2405 955 2453 horreis
978 2407 1085 2455 suis
1106 2407 1433 2457 condiderit:

372 2483 519 2530 illum
540 2479 805 2544 (inquam)
828 2481 1143 2542 gaudentem
1176 2497 1324 2546 agros
1346 2498 1435 2546 ps·

374 2557 505 2606 trios
535 2555 740 2604 surculo
782 2555 1005 2616 findere,
1041 2559 1139 2608 &Q
1164 2572 1438 2622 numquam

376 2633 538 2695 igitur
559 2632 635 2680 his
661 2631 995 2694 persuadeas,
1008 2640 1068 2682 ut
1091 2634 1339 2696 navigare
1362 2635 1438 2682 in·

378 2707 537 2758 ducat
567 2706 809 2756 sninmm.
872 2707 976 2756 Sed
1009 2709 1123 2757 haec
1157 2709 1439 2772 explicetio

380 2783 641 2848 quadrare
698 2797 799 2833 non
844 2791 1044 2847 potest,
1086 2798 1257 2848 neque
1305 2786 1439 2836 hano

380 2859 611 2924 probant
642 2859 783 2908 docti
822 2859 937 2921 viri,
959 2859 1011 2908 iu
1033 2859 1111 2909 his
1141 2860 1299 2910 Joan.
1332 2859 1440 2910 Au·

378 2939 546 2995 ratus,
570 2933 718 2982 Petr.
750 2931 1003 2996 Angelius
1034 2935 1303 2998 Bargaeus,
1330 2935 1441 2999 qui-

379 3009 499 3072 bus
524 3008 793 3058 assentior.
877 3011 1224 3063 Quamobrem
1269 3018 1441 3061 autem

380 3099 485 3134 non
539 3086 608 3134 sit
653 3085 939 3148 probanda,
984 3087 1098 3136 hoec
1142 3101 1298 3136 censa
1342 3093 1442 3137 est.

383 3160 523 3212 Quid
554 3160 692 3209 enim
732 3161 914 3210 mirum
952 3160 1037 3220 sit,
1058 3161 1334 3223 hominem,
1358 3162 1444 3212 cni

368 3229 451 3284 'sit
484 3235 715 3284 conditio
754 3243 810 3284 et
848 3251 969 3298 spes
1004 3236 1281 3300 explorata
1308 3236 1444 3286 obti-

381 3311 669 3360 nendorum
690 3325 999 3361 summorum
1032 3313 1446 3376 magistratuum,

384 3394 439 3437 et
474 3401 593 3435 eum
634 3387 724 3450 qni
764 3387 986 3436 habeant
1019 3387 1075 3436 in
1110 3387 1309 3437 horreis
1343 3388 1448 3436 suis

384 3460 649 3514 conditum
682 3461 959 3511 maximum
992 3460 1237 3512 frumenti
1270 3477 1446 3512 nnme-

385 3550 517 3593 rum,
538 3537 817 3598 navigandi
852 3538 1141 3600 periculum
1172 3536 1316 3586 adire
1339 3539 1447 3587 nol-

386 3613 470 3662 le?
536 3613 625 3662 Sic
666 3613 825 3676 igitur
859 3614 1032 3676 potius
1062 3615 1147 3663 hic
1180 3615 1323 3663 locus
1358 3626 1447 3662 ex·

387 3688 658 3749 plicandus
682 3702 743 3738 ac
765 3687 1161 3751 distinguendus
1186 3695 1286 3738 est:
1314 3689 1467 3738 Sunt·

386 3777 513 3825 quos
537 3761 757 3811 victoris
785 3764 1124 3812 certaminum
1149 3763 1451 3828 Olympico-

387 3851 499 3886 rum
540 3836 721 3888 evehit
758 3838 827 3886 ad
872 3839 1037 3901 Deos,
1070 3839 1167 3887 hoc
1205 3845 1305 3900 est,
1333 3839 1453 3888 Diis

390 3914 657 3976 proximos
694 3920 752 3963 et
786 3913 1111 3964 beatissimos
1152 3911 1329 3963 efficit.
1362 3913 1451 3961 ad·

390 3989 559 4040 scribe
596 3989 663 4038 ad
684 4003 865 4040 vocem
882 3991 898 4020 ‘
923 3991 1064 4038 Deos
1080 3989 1094 4010 '
1120 4003 1333 4054 comme,
1353 3988 1453 4039 hoc

390 4065 543 4114 modo
560 4079 576 4112 ε
611 4065 793 4126 Hunc,
805 4079 993 4128 nempe
1016 4065 1341 4114 ambitiosum
1364 4065 1455 4113 ali-

394 4155 566 4204 quem,
590 4141 771 4192 evehit
808 4141 876 4192 ad
900 4142 1057 4202 Deos,
1082 4141 1124 4190 si
1146 4156 1263 4190 eum
1298 4151 1459 4204 popu-

351 4213 357 4218 ’
394 4219 477 4267 lus
510 4220 772 4270 Romanus
803 4225 975 4270 certat
1008 4217 1217 4270 afficere
1252 4218 1459 4269 suminis

2389 363 2564 430 1455

1507 521 1802 572 honoribus.
1851 523 1928 572 Ut
1955 523 2053 572 hoc
2077 529 2264 584 totum,
2289 525 2304 550 ⁶
2327 523 2380 572 Sl
2403 523 2564 574 mobi-

1505 597 1630 646 lium
1672 598 1826 646 tnrba
1865 599 2146 650 Quiritium
2193 600 2376 648 Certst
2427 601 2564 650 hune

1504 672 1808 734 tergeminis
1825 673 2008 722 tollere
2025 673 2340 736 honoribus,’
2357 675 2426 725 sit
2447 677 2564 726 loco

1504 747 1778 811 suppositi,
1795 754 1857 798 ut
1877 749 2216 800 Grammatiei
2251 752 2560 815 loquuntur:

1482 823 1726 886 -proinde
1757 825 1900 888 quasi
1937 825 2013 873 ita
2043 825 2184 876 dicat
2225 826 2565 888 Horatii-affi-

1504 897 1630 946 lium
1671 897 1801 948 facit
1843 899 1942 949 sibi
1989 899 2338 950 beatissimum
2399 903 2562 952 videri

1506 972 1734 1021 studium
1769 981 1826 1023 et
1859 976 2094 1024 voluntas
2131 977 2310 1039 populi
2347 977 2565 1028 Romsui

1506 1049 1559 1097 in
1605 1063 1720 1098 enm
1759 1048 2192 1101 conferendorum
2229 1053 2566 1115 aniplisslnio-

1506 1139 1617 1174 rum
1648 1127 1916 1189 honorum,
1954 1141 2083 1177 aura
2125 1129 2390 1192 popularis
2425 1128 2570 1178 deni·

1505 1215 1640 1264 qne:
1679 1202 1911 1266 seqnitur
1935 1201 2144 1262 deinde,
2165 1209 2180 1232 ⁶
2207 1202 2358 1251 Illum
2381 1205 2424 1252 si
2447 1215 2564 1266 pro·

1506 1275 1658 1339 prio,'
1693 1280 1794 1326 dte.
1827 1289 1942 1340 qne
1980 1277 2216 1326 similiter
2253 1279 2566 1341 explicanda

1504 1357 1642 1412 sunt,
1661 1351 1896 1415 repetito
1923 1351 2018 1400 ἀπὸ
2051 1353 2204 1402 κοινοῦ
2225 1353 2386 1403 verbo
2403 1355 2422 1382 ‘
2447 1367 2566 1402 eve-

1504 1425 1618 1487 hit:
1637 1426 1736 1475 hoc
1761 1428 1943 1476 modos
1977 1427 2118 1476 illum
2144 1429 2316 1478 evehit
2337 1429 2402 1478 ad
2427 1429 2564 1480 Deos

1504 1502 1744 1552 horreum
1775 1501 2024 1552 frumenti
2053 1504 2282 1567 plenum,
2315 1513 2566 1568 quantum

1505 1583 1587 1625 est
1619 1576 1673 1626 in
1695 1577 1893 1640 Africa,
1915 1585 1970 1628 et
2007 1579 2262 1644 intellige,
2298 1581 2432 1630 bunc
2463 1593 2568 1630 non

1506 1666 1620 1702 esse
1659 1661 1934 1717 aratorem,
1956 1654 2047 1705 sed
2087 1657 2344 1706 hominem
2367 1657 2564 1722 alioqui

1504 1728 1822 1793 locupletem
1865 1737 1920 1780 et
1957 1731 2246 1794 copiosum,
2277 1733 2364 1797 qui
2407 1734 2567 1783 habet

1506 1804 1694 1852 horres
1725 1819 1818 1852 sua
1861 1805 2085 1855 maxime
2125 1805 2372 1856 frumenti
2415 1807 2570 1869 copis

1509 1879 1722 1928 referta.
1786 1878 1906 1928 Jam
1961 1888 2084 1943 post
2132 1893 2312 1930 vocem
2354 1884 2373 1909 ⁸
2403 1879 2572 1930 areis’

1508 1953 1677 2002 scribe
1711 1960 1984 2016 punctum,
2007 1969 2099 2004 seu
2131 1955 2570 2018 interpunctionis

1508 2034 1705 2076 notam.
1767 2029 1902 2077 Nam
1943 2043 2058 2092 qua
2097 2037 2399 2094 sequuntur,
2437 2031 2570 2080 divi-

1508 2103 1680 2152 dends
1701 2117 1762 2152 ac
1783 2104 2072 2166 separanda
2095 2115 2216 2154 sunt
2239 2121 2272 2154 a
2293 2107 2570 2169 superiori-

1511 2179 1608 2228 bus
1630 2180 1727 2228 hoc
1750 2179 1918 2243 modo,
1940 2186 1955 2209 ⁸
1975 2179 2304 2230 Gaudentem
2340 2182 2572 2244 patrios:

1510 2257 1608 2303 διο.
1631 2255 1664 2303 i.
1689 2269 1738 2304 e.
1760 2255 1913 2304 alium
1939 2264 2134 2319 antem,
2153 2257 2238 2320 qui
2269 2258 2572 2310 delectatur

1511 2328 1649 2390 egris
1688 2329 1816 2390 suis,
1852 2329 2056 2392 sibique
2095 2347 2126 2380 a
2163 2339 2316 2394 petre
2356 2333 2575 2395 relictis,

1510 2418 1704 2468 eosque
1727 2419 1820 2452 sua
1841 2419 1993 2453 manu
2017 2405 2242 2456 libenter
2273 2417 2408 2468 arat,
2425 2424 2570 2458 num·

1512 2495 1663 2544 quum
1706 2480 1788 2528 vel
1827 2481 2152 2543 amplissimis
2193 2483 2571 2533 conditionibus

1514 2569 1547 2602 a
1584 2568 1680 2603 suo
1715 2552 1960 2604 instituto
1997 2556 2294 2617 demoveas,
2325 2564 2380 2604 et
2416 2557 2576 2605 addu-

1513 2636 1698 2690 cas,ut
1730 2629 1958 2691 naviget.
2025 2629 2194 2680 hmo.
2261 2631 2348 2680 Ita
2370 2633 2576 2682 Lambi-

1514 2718 1629 2753 nus.
1693 2705 1815 2754 Vet.
1855 2705 2006 2753 libri:
2054 2705 2244 2754 ἱππεία.
2312 2709 2444 2756 Vide
2489 2708 2579 2756 ln·

1514 2779 1701 2828 dicem.
1771 2777 1940 2838 Gifirn.
2007 2779 2164 2830 Hunc
2201 2783 2368 2830 locum
2399 2782 2578 2832 landet

1515 2854 1774 2904 Arnobius
1807 2855 1900 2904 lib.
1923 2860 1975 2905 3.
2009 2857 2170 2906 Ceres
2210 2865 2382 2906 autem
2415 2871 2578 2907 mem·

1516 2945 1658 2980 mess
1683 2931 2024 2994 pingebatnrz
2059 2931 2198 2981 unde
2219 2941 2276 2980 et
2298 2933 2374 2981 illi
2405 2934 2578 2982 solen-

1516 3021 1583 3056 ne
1621 3007 1929 3070 epithetum,
1972 3006 2162 3070 τροφὸς,
2207 3015 2264 3056 et
2315 3023 2472 3057 caiisa
2523 3011 2576 3058 itt

1519 3089 1764 3145 promptu
1785 3089 1884 3132 est.
1952 3085 2114 3132 Ceres
2137 3085 2202 3131 ab
2233 3085 2442 3144 Incolis,
2465 3085 2498 3131 i.
2523 3099 2572 3134 e.

1520 3159 1682 3207 Ceres
1698 3157 1832 3216 ἣτοΰ
1845 3155 2055 3220 Ἰάκχου,
2071 3172 2222 3221 qnam
2239 3158 2437 3207 scilicet
2462 3159 2576 3207 Iac·

1520 3233 1664 3294 chus,
1703 3247 1796 3282 seu
1836 3233 2072 3281 Bacchus
2110 3235 2317 3282 amavit.
2383 3234 2398 3261 ‘
2424 3233 2579 3297 Ipsa’

1520 3317 1696 3358 sutem
1763 3310 2199 3372 comparationem
2244 3310 2580 3374 ἀκριβεστάτην

1520 3386 1708 3447 innuit,
1725 3384 1798 3436 ita
1821 3392 1876 3434 ut
1901 3386 2152 3449 ejusmodi
2185 3390 2404 3450 puellum
2433 3389 2578 3436 dicas

1522 3475 1634 3510 esse
1665 3477 1815 3525 paene
1849 3463 2124 3526 ipsammet
2149 3464 2409 3513 Cererem.
2475 3465 2581 3512 Per

1521 3539 1777 3602 geminam
1817 3545 1990 3586 autem
2033 3539 2264 3600 intellige
2309 3539 2582 3600 corpulen-

1525 3616 1708 3664 tiorem
1745 3622 1798 3663 et
1833 3615 2140 3677 pleniorem,
2179 3617 2272 3664 ut‘
2293 3615 2484 3677 duplex
2523 3612 2584 3662 fi-

1524 3690 1631 3740 cus’
1665 3690 1854 3738 Horat.
1873 3698 1926 3738 et
1959 3690 2186 3753 ‘duplex
2221 3690 2400 3752 spina’
2437 3691 2585 3753 Virg.

1526 3766 1575 3814 in
1598 3765 1795 3830 Georg.
1825 3766 1892 3814 de
1923 3766 2042 3814 boui
2075 3765 2194 3828 equi
2223 3767 2412 3828 signis3
2443 3765 2582 3828 qnod

1524 3841 1614 3890 ille
1635 3855 1668 3889 a
1693 3843 1922 3889 Varrone
1954 3839 2137 3889 habuit
2169 3841 2260 3889 lih.
2283 3845 2332 3890 2.
2361 3843 2421 3888 R.
2449 3842 2512 3888 R.
2536 3853 2588 3888 c.

1526 3921 1577 3965 7.
1600 3931 1906 3981 quamquam
1930 3917 2028 3964 hoc
2051 3917 2310 3977 posterius
2341 3915 2493 3961 aliter
2511 3914 2587 3962 in·

1530 3993 1698 4054 telligi
1729 3993 1912 4054 possit.
1980 3991 2152 4040 Faber.
2217 3990 2292 4040 At
2315 4001 2436 4036 vero
2467 4003 2586 4038 cum

1530 4067 1750 4117 Iacchus
1770 4067 1834 4116 ab
1867 4067 1980 4114 aliis
2005 4065 2238 4114 tradatur
2265 4063 2398 4112 filius
2431 4063 2588 4114 fuisse

1531 4142 1740 4192 Cereris
1759 4148 1818 4189 et
1839 4139 2004 4190 frater
2019 4139 2366 4202 Proser-pinse,
2383 4140 2458 4189 uti
2473 4153 2589 4188 cer-

1533 4219 1584 4267 ni
1611 4222 1785 4280 potest
1823 4216 1960 4278 apud
1993 4215 2296 4265 Salmasium
2336 4215 2402 4264 sd
2429 4214 2591 4264 Dedi·
