3200 4959
682 410 855 492 ico-‘i
931 408 938 414 “

684 588 761 636 vis
803 584 857 634 id
894 585 1087 635 sentiat
1118 584 1434 648 Gassendus‚
1472 587 1735 648 pertinere

678 674 783 711 non
806 660 1077 711 existimo:
1115 659 1187 709 ibi
1212 662 1345 709 enim
1370 676 1463 724 per
1484 663 1682 711 semina
1705 676 1736 712 e

679 740 819 789 ferro
850 740 900 787 in
934 738 1102 787 locum
1138 752 1355 787 vacnum
1401 738 1467 785 ab
1511 733 1734 788 effluviis

678 816 939 877 Magnetis
962 813 1158 863 factum
1198 814 1491 862 exsilientia
1512 819 1623 862 tota
1649 829 1732 863 res

673 893 874 956 agitur:
910 890 961 938 in
976 890 1056 938 his
1074 896 1246 937 autem
1266 888 1496 937 versibus
1512 904 1736 953 corpora

671 967 863 1016 ictibus
915 966 969 1015 in
1024 979 1237 1014 vacuum
1312 964 1692 1027 protruduntur
1717 982 1730 1014 τ

674 1043 895 1108 ideoque
910 1058 1024 1092 cum
1043 1040 1381 1107 sequentibus
1400 1043 1595 1091 rectius
1613 1058 1734 1092 con·

667 1118 821 1182 jungi
846 1125 1076 1181 possunt.
1112 1116 1307 1167 Croecbss

740 1197 870 1242 1016
901 1193 1016 1242 Sive
1033 1191 1252 1255 superne]
1284 1192 1404 1241 Sive
1428 1206 1493 1241 ex
1510 1194 1628 1243 loco
1652 1188 1732 1243 su'-

672 1283 835 1333 perno
858 1282 1067 1329 magnes
1086 1269 1253 1317 locunt
1270 1278 1489 1317 vacnum
1506 1269 1694 1318 reddat
1716 1286 1730 1318 ε

675 1345 795 1394 aere
812 1344 981 1408 plagis
1000 1344 1251 1394 discusso.
1282 1344 1449 1393 Lamb.
1488 1350 1491 1355 '

738 1425 866 1471 1017
904 1423 1113 1483 Corpora
1140 1419 1381 1481 continuo]
1414 1420 1606 1469 Statim
1629 1416 1734 1483 priss

674 1512 759 1547 ma
794 1496 918 1545 ferri
952 1510 1173 1560 corpora
1208 1495 1448 1545 feruntur
1484 1497 1733 1545 inlocum

674 1587 912 1633 vacnum,
930 1572 1067 1620 etita
1088 1584 1285 1619 sursum
1302 1570 1569 1621 feruntur:
1592 1569 1730 1635 qnod

670 1647 733 1695 fit
779 1654 972 1709 praeter
1013 1660 1287 1709 corporum
1322 1656 1578 1709 naturam,
1617 1662 1732 1697 cum

672 1724 744 1772 sit
762 1737 939 1771 eornm
960 1723 1226 1787 proprium
1246 1722 1489 1772 deorsum
1514 1725 1733 1773 moveri.

676 1798 848 1849 Lamo.
1466 1818 1473 1823 ·

744 1875 937 1939 Vicina]
990 1874 1174 1925 Vicina
1194 1872 1317 1924 ferri
1356 1889 1575 1939 corpora
1599 1875 1734 1924 dixit

671 1949 915 2013 fortasse,
940 1956 997 1999 ut
1016 1949 1209 1999 ferrum
1246 1952 1480 2014 magneti
1505 1950 1730 2001 vicinum

676 2024 1045 2089 intelligamus.
1082 2026 1248 2077 Lamb.

735 2105 864 2150 1018
887 2102 989 2149 Nec
1003 2102 1109 2165 ipsa
1120 2101 1296 2165 Sponte
1307 2116 1392 2152 sua
1404 2116 1604 2167 sursum,
1623 2102 1731 2166 ξω]

670 2177 806 2226 Nam
830 2183 1013 2226 contra
1048 2183 1231 2240 sponte
1255 2191 1345 2226 sua
1379 2192 1599 2241 corpora
1623 2191 1729 2229 om-

666 2252 753 2299 nia
774 2252 1013 2301 deorsum
1034 2250 1289 2299 feruntur.
1319 2252 1484 2301 Lame».

734 2330 863 2375 1020
898 2326 1009 2373 Huc
1044 2326 1231 2375 accedit
1266 2328 1399 2389 item,
1439 2327 1547 2389 ξω]
1596 2329 1730 2377 Con-

670 2400 843 2451 tendit
867 2407 1064 2449 motnm
1084 2400 1211 2449 ferri
1234 2402 1471 2464 adjuvari
1490 2404 1555 2451 ab
1588 2404 1727 2467 a'ere,

670 2476 738 2525 ob
760 2477 1057 2525 continuam
1079 2476 1335 2540 quandam
1366 2477 1512 2525 istius
1545 2480 1729 2528 motio-

668 2566 786 2599 nem
803 2551 1245 2614 agitationemqne
1262 2562 1277 2601 ε
1314 2558 1367 2599 et
1384 2552 1603 2615 primum
1620 2553 1728 2615 qni-

670 2626 787 2675 dem
820 2640 921 2677 vss.
947 2630 1028 2676 12.
1068 2627 1133 2676 ab
1171 2627 1292 2677 aere
1326 2629 1606 2691 exteriore,
1641 2629 1728 2693 qni

666 2718 785 2753 cum
816 2719 1020 2768 semper
1051 2713 1235 2768 urgeat
1267 2712 1323 2754 et
1362 2714 1547 2769 urgeat
1576 2707 1728 2755 vehe-

667 2779 893 2828 mentius
916 2794 1019 2843 qua
1052 2795 1119 2829 ex
1157 2788 1308 2845 parte
1346 2782 1606 2844 copiosior
1629 2789 1726 2842 est,

668 2868 769 2903 non
800 2854 964 2917 possit
999 2870 1102 2904 non
1148 2855 1418 2917 impellere
1456 2857 1650 2905 ferrum
1675 2859 1726 2907 in

666 2943 820 2991 quam
844 2936 1044 2991 partem
1069 2935 1149 2977 est
1172 2931 1378 2992 parcior
1400 2945 1487 2979 seu
1508 2932 1728 2993 inanior,

664 3011 853 3067 utpote
872 3017 1049 3052 versus
1068 3005 1237 3066 ipsum
1262 3005 1584 3067 Magnetem.
1619 3010 1728 3057 De·

665 3077 789 3126 inde
825 3092 927 3126 vsS.
952 3082 999 3127 8.
1034 3078 1192 3126 etiam
1230 3078 1296 3127 ab
1336 3079 1605 3144 interiore,
1637 3083 1728 3146 qni

666 3156 780 3218 pari
836 3154 1054 3219 ratione,
1110 3170 1227 3205 cum
1282 3170 1489 3220 semper
1541 3159 1727 3221 agitet,

594 3221 605 3232 ’
664 3238 1007 3293 commoveat,
1064 3222 1356 3295 compellat,
1409 3247 1511 3281 non
1566 3234 1731 3297 possit

665 3320 767 3355 non
792 3306 974 3358 indere
1014 3316 1212 3357 motum
1250 3308 1304 3356 in
1340 3324 1490 3372 quam
1525 3316 1726 3372 partem

665 3382 890 3443 spatium
908 3390 986 3431 est
1009 3382 1210 3432 inanius
1230 3383 1509 3433 redditum.
1530 3386 1724 3435 Creeclr.

732 3460 854 3504 1021
892 3456 1016 3506 Hoec
1048 3472 1224 3521 qnoque
1259 3460 1357 3522 res]
1410 3461 1511 3509 Hic
1544 3475 1725 3510 versus

662 3530 787 3577 mihi
810 3540 1077 3593 suspectus
1098 3541 1214 3591 est3
1250 3532 1397 3581 abest
1419 3534 1550 3580 enim
1572 3535 1724 3598 longe

664 3606 729 3653 ab
773 3607 1032 3669 elegantia
1097 3608 1424 3656 Lucretiana.
1470 3609 1592 3671 qnid
1648 3618 1726 3659 est

668 3680 803 3727 enim
848 3681 969 3740 hoc,
1009 3674 1253 3743 ‘juvatur
1308 3682 1669 3744 adjuvamento
1687 3687 1724 3734 ?'

661 3752 817 3802 Adde
839 3756 975 3818 quod
999 3770 1062 3805 eo
1084 3746 1327 3806 detracto
1366 3759 1495 3807 nihil
1518 3761 1583 3809 de
1608 3776 1722 3810 sen·

670 3828 840 3877 tentia
862 3828 1104 3880 decedet.
1138 3830 1303 3880 Lamb-

726 3909 855 3954 1022
893 3905 1030 3960 Quod
1046 3906 1187 3955 simul
1204 3922 1233 3954 a
1250 3908 1430 3971 fronte]
1462 3910 1549 3959 Sic
1562 3910 1722 3961 habet

660 3980 776 4030 cod.
814 3981 987 4030 Vatic.
1025 3996 1243 4045 quocum
1282 3993 1573 4047 congruunt
1613 3988 1718 4035 vnl-

660 4056 791 4117 gau,
810 4057 1001 4105 Veneti
1027 4057 1184 4121 antiq.
1220 4064 1275 4107 et
1305 4058 1580 4109 Parisiens.
1600 4076 1718 4125 quae

662 4132 819 4179 lectio
858 4133 1135 4196 perspicue
1181 4139 1328 4181 recta
1364 4143 1463 4183 est.
1498 4138 1515 4163 ‘
1542 4136 1718 4185 simnl'

658 4212 853 4267 autem,
876 4206 973 4255 i.e.
996 4208 1145 4256 simul
1166 4214 1344 4271 atque,
1362 4210 1445 4257 vel
1467 4210 1618 4259 simul
1641 4217 1716 4259 ut.

659 4282 824 4331 Lamb.
891 4282 976 4332 Sic
1000 4290 1053 4332 et
1088 4290 1191 4333 vet.
1226 4285 1406 4334 nostri.
1474 4286 1628 4348 Vulg.
1663 4301 1718 4335 ac

1384 438 1599 491 N'o'rAE
1649 438 2049 494 VA‘moRUM
2101 448 2177 493 IN

1796 586 1981 643 fronte.
2015 586 2124 637 Gif.
2163 622 2176 631 -
2873 644 2880 650 ,

1879 668 2006 712 1026
2055 664 2254 728 Semper
2279 667 2412 715 ‘enim
2449 664 2626 715 circum
2663 666 2872 728 positus]

1811 738 1939 801 Snp.
1955 743 2003 787 4.
2027 744 2141 790 930.
2177 740 2193 767 ‘
2219 740 2490 803 Principio
2515 748 2738 790 externa
2761 756 2874 789 cor-

1810 826 1906 875 pus
1941 812 2007 863 de
2045 820 2196 877 parte
2229 830 2501 865 necessum
2551 822 2654 876 est,
2705 816 2872 865 Aiiriis

1809 890 2048 952 qnoniam
2071 891 2294 939 vicinum
2315 891 2551 953 tangitur
2567 891 2726 949 auris,
2739 892 2872 939 Tun·

1809 963 1942 1026 dier,
1959 972 2113 1029 atque
2127 966 2240 1029 ejus
2253 965 2440 1014 crebro
2459 966 2712 1027 pulsarier
2729 966 2872 1015 ictu!

1808 1039 1975 1087 [Δηώ.
2307 1072 2314 1077 -

1873 1118 2002 1163 1028
2035 1116 2107 1163 Et
2124 1116 2252 1175 capit
2267 1116 2319 1165 in
2341 1115 2414 1177 se]
2449 1114 2518 1163 Et
2539 1116 2761 1179 spatium
2786 1132 2869 1165 va-

1809 1204 1976 1251 enum,
1999 1204 2090 1239 sen
2113 1191 2254 1240 locus
2277 1191 2364 1239 ilie
2387 1206 2417 1238 a
2456 1199 2697 1253 magnete
2719 1207 2866 1241 vacn-

1807 1274 1944 1327 atus,
1967 1267 2124 1329 capit,
2149 1267 2187 1315 ἱ.
2208 1280 2258 1315 e.
2278 1266 2484 1329 recipit,
2509 1268 2560 1315 in
2580 1282 2640 1317 se
2650 1266 2866 1315 ferrum.

1809 1341 1977 1391 lamb.
2787 1370 2792 1375 ·

1872 1420 2003 1466 1029
2019 1418 2122 1466 Hic
2141 1417 2222 1467 nbi
2237 1432 2371 1481 quem
2391 1433 2612 1479 memoro,
2626 1420 2736 1482 ξε.)
2766 1420 2865 1469 Ot-

1807 1490 1875 1540 do
1897 1492 2189 1556 verborum,
2213 1500 2267 1542 et
2300 1492 2566 1543 sententia
2603 1502 2718 1544 est:
2763 1495 2865 1544 Ubi

1808 1566 1892 1615 hic
1915 1568 2022 1630 aer,
2045 1582 2197 1633 quem
2222 1570 2318 1619 tibi
2353 1583 2723 1632 commemoro,
2747 1570 2864 1618 insi-

1807 1652 1993 1694 nuatus
2014 1652 2096 1695 est
2137 1660 2234 1709 per
2257 1646 2444 1695 crebra
2465 1644 2722 1695 foramina
2739 1645 2862 1695 ferri

1805 1721 1859 1768 in
1887 1736 2062 1783 pronas
2081 1729 2136 1771 et
2164 1722 2274 1784 jam
2315 1722 2588 1774 inclinatas
2611 1722 2725 1785 ejus
2751 1736 2862 1785 par-

1809 1798 1926 1857 teis,
1957 1799 2038 1847 vel
2075 1798 2163 1861 (nt
2198 1798 2394 1847 habent
2427 1799 2516 1847 alii
2540 1798 2678 1861 libri,
2701 1799 2756 1846 in
2781 1799 2863 1846 his

1809 1872 2176 1935 Memmianus)
2189 1874 2242 1921 in
2259 1886 2434 1935 parvas
2447 1874 2548 1935 ejus
2561 1872 2768 1935 parteis,
2785 1872 2866 1920 vel

1805 1951 1888 2012 (nt
1911 1948 2024 2012 alii)
2048 1951 2098 1998 in
2115 1950 2315 2012 primas,
2329 1949 2362 1996 i.
2379 1963 2426 1998 e.
2443 1949 2496 1997 in
2515 1948 2626 2011 ejus
2651 1948 2862 2009 primor-

1806 2025 1926 2085 dia3
1973 2026 2140 2074 trudit
2177 2030 2232 2074 et
2268 2024 2492 2087 impellit
2515 2023 2732 2084 ferrum,
2755 2033 2863 2073 tan-

1805 2114 1960 2164 quam
1994 2104 2159 2149 ventus
2195 2101 2355 2148 navim
2391 2104 2437 2147 et
2481 2102 2616 2149 nelo:
2675 2101 2779 2161 vel,
2810 2109 2865 2148 ut

1805 2174 2105 2239 quibusdam
2141 2177 2350 2225 videtur
2385 2176 2682 2239 legendnm,
2721 2178 2865 2232 Quasi

1801 2255 1985 2310 ventus,
2024 2251 2216 2313 velaque
2257 2250 2437 2313 navim,
2475 2251 2741 2302 subintell.
2776 2254 2864 2301 im·

1807 2326 2024 2387 pellunt.
2075 2324 2245 2375 anb.
2309 2326 2576 2375 Revocavi
2629 2342 2695 2375 ex
2739 2329 2864 2377 Mss.

1806 2415 1979 2450 veram
2033 2402 2345 2462 lectionem;
2397 2402 2674 2465 elegantiae
2725 2404 2858 2451 enim

1805 2492 1961 2526 caiisa
2001 2478 2098 2526 tibi
2131 2478 2218 2527 hic
2255 2479 2484 2542 ponitur,
2521 2486 2580 2528 ut
2621 2484 2671 2527 2.
2719 2484 2863 2529 1036.

1802 2552 1818 2579 ‘
1843 2555 2010 2605 Quam
2035 2553 2130 2602 tibi
2154 2553 2266 2618 jam
2291 2568 2440 2603 nemo
2472 2551 2640 2603 fessus
2675 2555 2862 2603 satiate

1803 2628 2052 2677 videndi!
2085 2634 2140 2677 et
2178 2632 2227 2677 4.
2269 2632 2317 2677 3.
2350 2629 2366 2656 ‘
2393 2628 2546 2677 Nunc
2585 2643 2742 2691 agere
2787 2630 2860 2677 in-

1803 2702 1994 2763 cipiam
2013 2702 2124 2761 tibi,
2147 2701 2284 2765 qnod
2311 2717 2360 2749 v.
2387 2716 2435 2750 a.
2452 2704 2502 2751 h.
2518 2702 2579 2752 r.’
2633 2704 2736 2755 Qui
2752 2706 2860 2753 haec

1803 2782 1859 2825 et
1882 2778 2070 2825 similia
2095 2791 2195 2826 non
2218 2777 2576 2841 attenderant,
2598 2788 2860 2828 auctorem

1801 2852 1950 2899 nobis
1973 2857 2331 2915 corruperunt.
2365 2852 2495 2901 How.

1869 2932 1996 2977 1030
2022 2928 2224 2976 -Primas
2240 2928 2525 2991 napus-teis]
2569 2930 2758 2978 Prona
2777 2932 2861 2979 ha-

1800 3004 1929 3053 bent
1971 3020 2167 3066 omnes,
2201 3019 2326 3069 quos
2371 3005 2578 3069 quidem
2625 3007 2858 3069 viderim,

1801 3081 1995 3143 vulgati
2015 3082 2132 3129 cod.
2152 3082 2378 3129 nonnulli
2395 3096 2652 3131 manuscr.
2670 3097 2863 3145 prava,

1802 3157 1952 3220 plane
1989 3157 2267 3205 mendose:
2321 3158 2618 3205 Memniian.
2665 3166 2860 3219 autem,

1795 3248 2000 3296 parvas.-
2049 3233 2156 3294 alii,
2186 3232 2396 3295 primas.-
2441 3247 2506 3281 ex
2537 3229 2728 3295 quibus
2753 3236 2860 3296 qni-

1798 3310 1917 3357 dam
1942 3308 2140 3357 faciunt
2157 3310 2336 3372 privas.
2374 3307 2555 3357 Lamb.

1865 3385 2044 3431 Prinas
2065 3386 2126 3431 ad
2149 3383 2328 3447 partis]
2384 3383 2470 3431 Ita
2503 3384 2708 3447 scripsi,
2743 3400 2857 3434 cnm

1799 3458 1852 3505 in
1875 3459 2021 3507 libris
2053 3467 2212 3521 esset,
2234 3472 2420 3521 preces,
2448 3472 2638 3520 pravas,
2670 3476 2860 3522 purveis.

1801 3534 2075 3595 Marullus,
2104 3547 2293 3595 pronas,
2330 3538 2387 3580 et
2428 3534 2502 3581 ita
2541 3534 2681 3597 vulg.
2738 3536 2859 3583 Vid.

1799 3624 1914 3670 sup.
1939 3623 2012 3659 vs.
2035 3613 2116 3657 26.
2139 3616 2198 3657 et
2218 3612 2332 3657 ⁷93.
2369 3608 2542 3666 Giton.

1863 3689 1988 3733 1031
2029 3683 2180 3739 Quasi
2220 3683 2398 3745 navim,
2437 3685 2654 3747 veldque]
2719 3687 2858 3733 Usus

1797 3765 1878 3806 est
1895 3758 2076 3807 eodeni
2099 3757 2252 3805 simili
2275 3771 2390 3819 sup.
2418 3758 2507 3806 lib.
2527 3762 2578 3807 4.
2605 3760 2689 3807 nbi
2715 3776 2856 3823 qnae-

1795 3836 1884 3895 rit,
1899 3835 1986 3898 qni
2009 3848 2186 3897 passus
2225 3832 2464 3895 proferre
2488 3836 2760 3895 possimus,
2781 3852 2854 3885 vs.

1793 3913 1908 3958 895.
1943 3911 1958 3937 ‘
1977 3910 2176 3973 Corpus
2201 3910 2295 3970 uti,
2313 3917 2369 3958 ut
2393 3910 2559 3970 navis,
2583 3912 2708 3960 velis
2735 3928 2855 3961 ven-

1795 3992 1954 4049 toque
1987 3984 2220 4036 feratur.'
2253 4002 2322 4033 ex
2361 4002 2464 4049 quo
2497 3987 2635 4044 loco,
2658 3988 2698 4035 si
2739 3989 2854 4052 quis

1793 4074 1910 4107 eum
1950 4068 2152 4110 attente
2181 4061 2494 4123 consideret,
2531 4062 2736 4111 videtur
2769 4065 2854 4113 hic

1792 4138 2088 4200 legendnm,
2115 4138 2264 4192 Quasi
2283 4142 2452 4185 ventus
2474 4137 2664 4201 velaque
2677 4142 2850 4191 necin.

1793 4212 1975 4261 Lamb.

1859 4292 1990 4336 1036
2025 4288 2242 4343 Sollicito
2260 4290 2411 4351 motu]
2445 4290 2528 4339 Sic
2553 4297 2607 4339 et
2627 4306 2738 4355 sup.
2759 4293 2849 4347 lib,
