3200 4959
661 441 729 493 T·
782 443 1135 491 hucRE'rn
1188 449 1367 496 CARI
1422 451 1517 497 DE
1566 451 1834 503 RERUM
1887 457 2059 505 NA'r.
2111 461 2256 510 Lm.
2312 465 2376 512 V.

421 583 515 635 Sic
554 583 693 644 apud
740 584 987 636 Plautum
1020 587 1073 635 in
1110 588 1293 650 Persa,
1312 592 1489 640 statim

424 659 493 706 ab
530 659 701 722 initio,
732 661 942 710 Toxilus
976 665 1186 728 ille.ait,
1210 667 1379 730 ‘eum,
1401 671 1489 733 qni

2464 451 2634 518 1477

1570 594 1795 646 Pansan.
1831 597 1996 649 Attic.
2023 609 2077 650 et
2102 603 2264 654 Eliac.
2289 611 2344 654 et
2376 607 2534 658 Diod.
2557 609 2638 658 Si·

1567 671 1669 718 eni.
1709 672 1796 722 lib.
1835 677 1886 724 4.
1917 672 2020 727 fnit
2059 686 2232 728 antem
2272 681 2356 730 hic
2401 682 2633 734 decimus

422 748 605 783 amans
638 750 799 799 egens
838 739 1083 802 princeps
1122 741 1387 806 ingressus
1408 753 1491 796 est
1564 744 1726 795 labor·
1761 748 1978 800 Lambin.

418 812 471 861 in
488 814 675 862 amoris
690 815 1107 879 vins,snperasse
1125 824 1362 871 aernmnis
1382 823 1487 873 suis

422 903 681 940 aernmnas
718 890 967 941 Herculis
986 893 1021 942 ε’
1075 895 1265 946 deinde
1293 903 1337 948 1.
1362 904 1409 950 1.
1436 903 1483 948 8.

420 966 621 1029 aliquot
645 967 893 1018 Herculis
926 970 1131 1021 labores
1164 987 1485 1038 enumeran33

414 1041 485 1088 ‘N
496 1057 576 1090 am
594 1057 709 1092 cum
726 1044 901 1106 leone,
915 1052 1105 1096 etcum
1130 1059 1481 1113 excetra,cutn

408 1131 595 1179 cervo,
621 1134 739 1170 cum
760 1136 885 1184 apro
898 1123 1276 1188 AEtolico,Cum
1296 1129 1480 1179 avibus

413 1194 803 1257 Stymphalicis,
842 1213 959 1247 cum
995 1200 1187 1250 Antaeo
1220 1203 1479 1254 deltictari

414 1270 682 1334 mavelim,
725 1273 895 1323 Quam
954 1289 1071 1325 cnm
1128 1277 1339 1339 amore,'
1376 1285 1477 1330 ὅτε.

412 1468 421 1476 ,
482 1423 615 1477 Quid
652 1425 917 1490 Nemea-ns,
958 1431 1065 1494 ξω]
1106 1432 1189 1480 De
1234 1432 1479 1482 Herculis

411 1498 678 1551 laboribus
702 1513 966 1570 ageretur,
987 1509 1083 1557 nisi
1120 1509 1267 1573 pueri
1292 1511 1475 1560 isthaec

412 1583 663 1638 nossent3
697 1581 875 1630 etalio
920 1585 1327 1646 properandum.
1376 1586 1472 1635 Fa-

416 1649 513 1700 ber.

412 1747 417 1758 ·
476 1729 686 1795 Hiatus]
698 1731 865 1782 Λέουσι
882 1734 1033 1796 χάσμ’
1054 1734 1265 1788 ὀδόντων.
1330 1737 1473 1814 Ana·

414 1817 587 1854 creon.
620 1809 793 1862 Faber.

476 1885 539 1931 25
577 1883 649 1932 Et
686 1886 881 1936 horrens
894 1887 1137 1939 Arcadius
1178 1891 1281 1954 sus]
1320 1891 1471 1954 Aper

410 1956 811 2020 Erymanthius:
846 1965 935 2027 qui
959 1966 1142 2016 tertius
1166 1966 1315 2016 labor
1352 1965 1471 2017 fuit.

409 2031 463 2079 N
468 2047 537 2081 on
560 2035 701 2084 enim
721 2037 947 2088 ordinem
970 2048 1144 2091 servat
1177 2042 1471 2094 Lueretius.

403 2107 499 2159 Sic
553 2115 727 2159 autem
764 2113 911 2176 virg.
960 2113 977 2142 ‘
996 2129 1139 2165 suem
1194 2116 1477 2166 horridum’

404 2183 548 2233 dixit
572 2185 766 2249 Georg-
805 2193 855 2238 4.
887 2194 997 2241 407.
1027 2193 1043 2219 ‘
1066 2193 1187 2242 Fiet
1226 2193 1367 2242 enim
1390 2208 1471 2243 su-

406 2258 518 2309 bito
542 2276 630 2310 sus
652 2263 927 2318 horridus!
957 2269 1123 2318 Lamb.

406 2379 415 2387 .
472 2340 539 2386 26
559 2339 737 2393 ί(ἔναιεν
776 2343 965 2405 taurus]
999 2346 1168 2396 Quem
1204 2345 1467 2410 Pasiphae·

406 2411 687 2477 adamavit,
708 2429 774 2464 ex
798 2432 901 2480 qno
923 2424 1076 2468 natus
1096 2427 1177 2471 est
1203 2421 1469 2470 Minotau-

406 2502 511 2538 rus.
536 2505 692 2553 quam
716 2491 781 2540 de
798 2493 1056 2557 Pasiphae
1076 2494 1307 2546 fabulam
1332 2504 1468 2547 trac-

406 2570 489 2614 tat
511 2566 660 2629 Virg.
692 2567 742 2615 in
765 2568 961 2631 Sileno,
990 2571 1085 2632 ibi,
1126 2573 1142 2599 ‘
1168 2572 1465 2635 Pasiphaen

406 2641 547 2702 nivei
576 2645 774 2693 solatur
797 2659 973 2695 amore
989 2647 1225 2710 juvenci.
1261 2648 1343 2698 Ah
1368 2649 1466 2698 vir-

405 2729 474 2778 go
499 2716 700 2779 infelix,
734 2735 851 2784 quae
889 2727 943 2770 te
981 2722 1247 2773 dementia
1268 2726 1413 2788 cepit
1428 2726 1465 2775 Ρ

402 2795 504 2842 &c.
536 2793 621 2843 hic
660 2802 834 2847 autem
870 2799 1021 2852 labor
1062 2799 1165 2850 fuit
1195 2801 1466 2865 septimus.

406 2869 577 2918 Lamb.

404 2991 415 2998 .
472 2946 626 2996 Lem.
665 2966 709 3012 q.
742 2957 865 3014 pest.
899 2953 1078 3016 hydra]
1112 2955 1273 3017 Cujus
1315 2960 1467 3005 erant

402 3027 637 3077 cervices
696 3037 928 3089 centum,
978 3031 1303 3094 totidemque
1358 3046 1461 3080 ser-

378 3101 633 3163 ·pentium
658 3105 862 3166 capita:
902 3120 1120 3168 quorum
1144 3121 1247 3156 uno
1272 3107 1465 3158 abscis-

404 3191 479 3237 so,
501 3179 603 3226 duo
624 3181 1043 3232 renascebantur.
1066 3181 1235 3232 Lame».

450 3256 531 3300 .2⁷
571 3254 785 3318 Vallata]
810 3255 999 3305 Cincta
1029 3263 1276 3320 tanquam
1310 3258 1465 3309 vallo.

400 3327 622 3378 Lambin.
658 3329 907 3392 Superius
922 3335 973 3380 2.
994 3335 1109 3382 637.
1141 3332 1236 3380 ‘In
1270 3346 1462 3394 genere

402 3405 742 3466 anguimanus
767 3404 1051 3470 Elefantos,
1079 3407 1229 3468 India
1246 3422 1461 3472 quornm

400 3480 635 3530 Millibus
656 3495 687 3532 e
702 3483 879 3538 multis
899 3484 1035 3534 vallo
1059 3484 1287 3534 munitur
1309 3485 1460 3534 ebur-

400 3555 509 3604 no!
533 3557 670 3606 Han.

460 3636 527 3682 28
560 3635 751 3690 ,Quidve
792 3636 909 3698 trip.
948 3636 1101 3699 εει-3η]
1142 3637 1319 3701 Geryo,
1367 3651 1459 3686 seu

402 3709 665 3773 Geryones.
750 3711 1051 3776 Chrysaoris
1086 3713 1279 3763 Iberiae
1320 3714 1459 3777 regis

399 3785 554 3847 filius,
577 3788 887 3850 tergeminus,
906 3797 961 3838 et
984 3795 1059 3837 ter
1075 3791 1275 3874 egiptus,
1299 3796 1355 3838 et
1370 3788 1459 3838 tri·

398 3877 522 3926 ceps,
542 3869 596 3911 et
620 3866 854 3927 tricorpor
888 3865 1011 3914 ideo
1028 3880 1059 3914 a
1082 3857 1253 3927 po'iitis
1273 3865 1463 3927 dietus,

400 3939 523 4002 quia
540 3946 649 3989 tres
665 3939 857 3990 fratres
874 3947 1045 4002 erant,
1068 3939 1261 3989 viribus
1278 3952 1459 4001 corpo-

396 4015 465 4062 ris
490 4021 823 4076 praestantes.
859 4015 1009 4077 Virg.
1042 4019 1092 4062 8.
1121 4017 1239 4062 202.
1306 4013 1461 4062 ‘Ter-

398 4089 589 4151 gemini
610 4104 743 4138 neee
757 4089 1042 4152 Geryonis,
1070 4090 1351 4154 spoliisque
1374 4103 1456 4136 sn-

399 4163 629 4224 perbus!
700 4165 839 4216 Hor.
877 4164 983 4215 od.
1027 4170 1077 4216 2.
1114 4170 1194 4215 14.
1228 4169 1275 4213 7.
1326 4168 1341 4193 ‘
1368 4164 1459 4227 qui

396 4245 478 4288 ter
516 4241 747 4304 amplum
807 4242 1108 4304 Geryonen,
1165 4241 1459 4304 Tityonque

396 4315 534 4365 tristi
574 4317 875 4381 compescit
914 4317 1086 4366 unda?
1126 4315 1193 4366 de
1225 4317 1459 4379 hoclege

1570 861 1575 868 .
1629 825 1695 870 29
1729 823 1799 871 Et
1831 825 2080 876 Diomedis
2115 828 2250 892 equi]
2283 831 2388 882 Hic
2411 831 2514 883 fuit
2543 851 2631 886 oe-

1562 901 1733 948 tavns.
1817 901 2087 953 Diomedis
2151 907 2262 954 sive
2319 911 2460 973 equi,
2519 911 2632 962 sive

1560 985 1622 1037 eq
1631 988 1728 1036 ηε,
1744 979 1935 1037 χαλκᾶς
1949 975 2130 1040 φάτνας
2152 979 2282 1043 εἶχον
2302 983 2375 1033 διὰ
2395 987 2484 1044 τὴν
2500 987 2627 1050 ἄγρι-

1557 1047 1722 1110 ότητα,
1756 1057 1856 1104 διο.
1898 1055 2091 1120 (inquit
2123 1059 2341 1108 Diodor.
2369 1063 2500 1124 Sic.)
2523 1063 2560 1114 i.
2581 1079 2632 1116 e.

1560 1123 1728 1176 ‘aerea
1771 1133 2031 1195 praesepia
2089 1134 2354 1200 habebant
2411 1147 2630 1202 propter

1554 1199 1932 1254 immanitatem
1969 1221 2030 1256 ac
2069 1206 2333 1259 feritatem
2357 1212 2390 1259 :'
2423 1215 2628 1263 catenis

1554 1273 1740 1326 ferreis
1777 1288 1992 1343 propter
2033 1283 2232 1334 roboris
2267 1289 2626 1348 praestantiam

1556 1351 1944 1405 vinciebantur:
1999 1358 2271 1408 alebantur
2309 1370 2482 1412 autem
2524 1379 2626 1414 non

1551 1426 1764 1493 hordeo,
1777 1437 1866 1479 aut
1882 1445 2063 1494 avena,
2080 1441 2169 1482 aut
2185 1435 2289 1484 alio
2303 1436 2422 1486 cibo
2439 1452 2468 1486 e
2489 1444 2627 1489 terra

1552 1507 1694 1564 nato,
1735 1503 1828 1554 sed
1869 1509 2174 1570 corporibus
2207 1510 2442 1560 humanis
2465 1526 2628 1564 mem·

1549 1577 1734 1628 bratim
1750 1579 2026 1646 discerptis
2044 1599 2106 1634 ac
2122 1585 2442 1637 dilaceratis.
2475 1591 2625 1654 Virg.

1552 1659 1632 1706 10.
1656 1661 1770 1708 ⁵81.
1839 1661 1854 1688 ‘
1875 1660 1994 1710 Non
2020 1663 2290 1714 Diomedis
2308 1679 2484 1730 equos,
2521 1682 2624 1718 non

1547 1745 1752 1782 currum
1790 1735 1958 1784 cernis
2006 1735 2294 1786 Achillis?'
2357 1741 2463 1790 Sed
2501 1742 2623 1792 Dio-

1545 1808 1724 1858 medes
1759 1810 1866 1873 ille,
1903 1813 2032 1861 alins
2055 1820 2137 1862 est
2159 1815 2226 1863 ab
2248 1816 2364 1866 hoc.
2401 1817 2622 1868 lambini.

1542 1886 1798 1936 Thracem
1821 1889 2124 1938 Diomedem
2161 1889 2416 1956 intellige.
2451 1894 2626 1944 Faber.

1609 1965 1676 2010 80
1711 1962 1945 2025 Thracen]
1979 1965 2206 2027 Propter
2233 1967 2492 2030 Thracen,
2513 1969 2550 2018 i.
2575 1983 2624 2021 e.

1546 2053 1712 2103 prope
1734 2039 2000 2088 Thraciam
2021 2055 2036 2100 ;
2078 2050 2191 2090 erat
2216 2042 2354 2091 enim
2375 2043 2460 2094 hic
2481 2045 2614 2094 Dio·

1545 2114 1726 2164 medes
1745 2114 1938 2178 Thrax,
1959 2129 2049 2164 seu
2067 2116 2260 2166 Threx.
2295 2117 2471 2168 Lamb.

1611 2189 1970 2256 Bistoniasque]
2003 2189 2246 2240 Thracias
2271 2208 2287 2252 3
2332 2207 2363 2241 a
2385 2194 2624 2245 Bistonia

1544 2266 1692 2330 urbe,
1732 2269 1814 2315 vel
1855 2283 1886 2316 a
1929 2275 2113 2332 stagno
2139 2267 2390 2320 Bistone:
2427 2285 2493 2320 ex
2518 2285 2621 2335 qno

1545 2343 1864 2392 Bistonides.
1909 2343 2041 2394 Hor.
2064 2345 2169 2394 Od.
2190 2349 2242 2394 2.
2262 2349 2436 2398 19.2o.
2469 2350 2485 2376 ‘
2506 2349 2622 2397 Bis-

1542 2419 1780 2469 tonidum
1805 2421 1918 2469 sine
1939 2418 2124 2470 fraude
2149 2421 2354 2472 crines.'
2386 2423 2554 2473 Lamb.

1550 2535 1555 2544 .
1606 2499 1672 2546 32
1704 2497 1882 2545 Arena.
1917 2497 2068 2546 volae.
2107 2495 2329 2562 Stymph.
2364 2497 2478 2560 coh]
2515 2497 2621 2548 Hic

1540 2569 1644 2620 fuit
1679 2571 1910 2635 quintus.
1978 2572 2334 2636 Stymphalus‚
2378 2573 2522 2622 urbis
2563 2579 2620 2624 et

1540 2646 1731 2695 montis
1778 2661 1964 2695 nomen
1987 2647 2040 2696 in
2067 2645 2316 2708 Arcadia,
2357 2655 2414 2696 et
2451 2649 2622 2712 Stym-

1541 2722 1709 2785 phalis
1762 2724 1945 2785 palus:
2006 2723 2146 2771 unde
2189 2724 2206 2752 ⁴
2235 2723 2619 2786 Stymphalides

1540 2801 1702 2860 aves‚’
1723 2812 1842 2862 quae
1866 2797 2222 2860 magnitudine
2239 2797 2451 2860 gruibus
2469 2813 2621 2860 pares

1542 2881 1694 2922 erant
1729 2873 1814 2939 (ut
1856 2872 2022 2922 tradit
2060 2873 2290 2921 Pau-an.
2311 2873 2365 2921 in
2401 2867 2622 2938 Arcad.)

1538 2948 1706 3012 figura
1721 2949 1892 2998 ibibus
1911 2949 2130 2998 similes:
2169 2957 2341 2998 rostra
2359 2948 2623 2998 habebant

1540 3026 1616 3074 ita
1640 3025 1807 3074 solida
1841 3031 1898 3073 et
1933 3025 2080 3086 dura,
2115 3031 2172 3074 ut
2212 3040 2354 3074 arma
2379 3033 2619 3088 penetra·

1542 3109 1689 3154 rent:
1751 3103 1925 3152 suberi
1973 3109 2146 3152 antem
2193 3105 2288 3152 soli
2334 3105 2617 3154 cedebant.

1538 3180 1903 3243 ‘Stymphalia
1943 3178 2208 3228 monstra'
2249 3181 2483 3241 appellat
2518 3182 2618 3229 Ca.

1541 3257 1698 3306 tullus
1719 3269 1878 3304 carm.
1897 3254 1961 3301 ad
1982 3253 2236 3301 Manlium
2259 3269 2272 3302 ε
2306 3254 2322 3282 ⁴
2341 3255 2600 3317 Tempore

1540 3345 1645 3395 quo
1661 3338 1808 3380 certa
1822 3328 2148 3392 Stymphalia
2165 3335 2394 3378 monstra
2416 3331 2612 3394 sagitta

1538 3405 1782 3455 Perculit
1801 3405 2020 3468 imperio
2045 3403 2324 3454 deterioris
2349 3405 2496 3455 heri!
2521 3422 2610 3455 eas

1539 3484 1682 3533 aveis
1705 3482 1910 3546 sagittis
1947 3481 2054 3530 suis
2091 3482 2308 3532 confixit
2331 3483 2612 3546 Hercules,

1541 3565 1604 3606 nt
1625 3558 1903 3608 declarant
1927 3570 2104 3606 versus
2143 3555 2357 3617 Catulli,
2378 3563 2432 3605 et
2456 3557 2620 3606 tradit

1534 3635 1764 3683 Pausan.
1786 3632 1988 3682 Arcad.
2051 3631 2157 3681 Sed
2185 3632 2446 3681 Diodorus
2469 3633 2616 3682 Sicu·

1536 3709 1614 3758 lus
1659 3708 1846 3758 scribit
1890 3708 2023 3757 libro
2067 3715 2270 3772 quarto,
2319 3723 2435 3756 eum
2494 3723 2617 3756 con-

1536 3793 1741 3837 structo
1785 3799 1932 3832 aeneo
1967 3785 2311 3846 crepitaculo,
2335 3790 2390 3831 et
2414 3783 2616 3845 ingenti

1535 3876 1630 3924 per
1671 3860 1724 3909 id
1760 3862 1936 3908 sonitu
1958 3859 2340 3921 excitato,illas
2363 3859 2618 3921 abegisse.

1540 3939 1712 3987 anb.

1599 4018 1662 4062 33
1697 4012 1947 4076 Aureaque
1971 4011 2316 4074 Hesperidum]
2352 4009 2615 4060 Duodeci-

1534 4105 1648 4140 mus
1679 4090 1762 4139 hie
1795 4088 1897 4137 fnit
1930 4088 2147 4137 Herculi
2165 4087 2314 4135 labor
2334 4086 2606 4149 injunctus

1534 4166 1599 4216 ab
1623 4166 1931 4229 Eurystheo,
1967 4169 2027 4212 ut
2064 4177 2130 4212 ex
2167 4162 2332 4212 hortis
2357 4161 2615 4225 Hesperi·

1536 4243 1658 4292 dum
1683 4240 1818 4289 mala
1839 4253 2016 4302 aurea,
2037 4253 2130 4287 seu
2154 4237 2296 4287 oveis
2317 4251 2502 4290 aureas
2531 4249 2612 4284 as-

1536 4323 1812 4383 portaret:
1850 4314 1994 4378 (nam
2016 4315 2170 4375 μῆλον
2211 4312 2350 4377 apud
2395 4312 2614 4362 Graecos
