3200 4959
576 450 643 496 T.
692 449 1051 498 Lucnn'rll
1099 450 1277 498 CAR!
1334 449 1431 497 DE
1479 449 1748 500 RERUM
1799 450 1976 498 Ns'r.
2027 452 2170 499 [AB.
2221 453 2287 500 V.

402 596 501 642 401
522 591 729 654 Repente
737 587 961 651 fulminis
984 589 1108 654 icta]
1139 590 1188 641 1.
1214 606 1263 642 e.
1282 589 1409 640 sub·

332 669 419 718 ito
459 677 513 716 et
546 669 853 730 repentium
884 682 1049 730 repens
1077 669 1215 716 enim
1239 675 1297 718 et
1336 683 1412 718 re-

328 746 559 808 pentem
592 759 741 808 aeque
764 744 1027 802 invenitur
1058 743 1195 808 apud
1222 745 1407 806 poetas

336 821 572 886 aliosque
616 820 937 884 scriptores3
974 820 1119 882 Virg.
1165 819 1277 869 AEn.
1325 824 1405 870 12.

336 901 457 946 313.
517 897 537 924 ⁴
566 896 687 946 Quo
723 895 907 943 ruitis?
962 891 1146 956 quaeve
1186 895 1287 944 ista
1324 909 1404 944 re-

338 987 471 1036 pens
505 971 764 1030 discordia
799 970 1021 1034 surgit?
1055 971 1171 1021 Val.
1204 972 1284 1020 ΡΙ.
1310 972 1406 1020 Ar-

336 1063 461 1111 gon.
477 1053 529 1098 2.
551 1052 633 1097 91.
697 1049 712 1076 ‘
738 1047 973 1100 Insonuit
997 1062 1011 1094 ε
1044 1061 1143 1096 vox
1178 1045 1299 1096 inde
1321 1061 1403 1097 re-

337 1138 468 1186 pens
494 1131 554 1173 ut
576 1124 800 1188 perculit
821 1121 1035 1172 urbem!
1102 1122 1205 1172 Ubi
1232 1137 1297 1172 ex
1316 1124 1403 1172 Ci-

334 1215 531 1250 cerone
557 1211 611 1249 et
636 1201 784 1250 Livio
804 1201 953 1263 plura
972 1200 1090 1249 loca
1102 1199 1281 1248 Carrio
1301 1201 1403 1249 col·

336 1276 486 1340 legit.
552 1275 736 1325 Homer.

340 1397 350 1404 .
404 1357 503 1402 402
537 1351 824 1402 Detur-bavit
846 1353 977 1417 equis
996 1351 1048 1400 in
1069 1351 1273 1415 terram]
1296 1352 1401 1402 Sed

338 1432 552 1493 excepit
576 1423 695 1480 eum
721 1430 997 1489 Eridanus,
1017 1429 1032 1456 ‘
1050 1425 1403 1492 fumantiaque

336 1505 505 1554 abluit
548 1505 675 1565 ora,’
720 1505 887 1568 inquit
925 1502 1087 1553 ovid.
1128 1500 1403 1556 Aristotel.

338 1589 517 1631 antem
560 1579 664 1645 περὶ
711 1586 909 1642 flavitae.
958 1581 1151 1641 ἄκονσμ.
1202 1579 1405 1640 scribit,

336 1657 634 1706 Electridas
670 1658 859 1706 insulas
896 1659 949 1706 in
988 1656 1203 1706 latebris
1239 1662 1294 1705 et
1325 1671 1406 1706 re·

338 1748 491 1784 cessu
536 1733 751 1796 Adriae3
823 1736 888 1784 ab
954 1735 1180 1784 Eridano
1244 1733 1403 1784 fluvio

337 1811 600 1873 quondam
617 1810 772 1860 fuisse
786 1819 1124 1875 exaggeratas
1138 1828 1153 1872 3
1174 1817 1230 1860 et
1244 1812 1403 1860 etiam

336 1899 479 1934 nunc
502 1885 679 1934 videre
710 1886 873 1936 licere
914 1886 1155 1949 paludem
1178 1886 1227 1935 ei
1248 1885 1403 1936 fluvio

338 1962 707 2025 propinquam,
740 1962 887 2026 cujus
920 1977 1055 2027 aqua
1096 1963 1267 2013 calida
1304 1970 1404 2026 est,

340 2050 408 2084 ex
443 2051 648 2100 quaque
680 2037 808 2086 odor
846 2039 1139 2101 exspiratur
1180 2039 1401 2088 taeterri·

338 2127 491 2172 mus3
517 2113 665 2176 hujus
688 2119 857 2162 autem
879 2115 977 2163 loci
998 2113 1195 2164 incolas
1213 2115 1408 2177 dicere,

337 2189 734 2239 Phaethontem
769 2189 975 2238 fulmine
1000 2205 1318 2254 percussum,
1350 2191 1405 2240 in

338 2265 475 2315 hanc
500 2267 740 2328 paludem
766 2267 1042 2318 decidisse.
1075 2267 1243 2316 Lami).

406 2346 505 2392 404
543 2343 831 2407 Trementi-e]
883 2344 984 2393 Ov.
1027 2345 1163 2394 Met.
1202 2347 1251 2391 2.
1290 2346 1406 2392 398.

342 2421 359 2472 f
390 2421 609 2482 Colligit
644 2428 876 2470 amentes
910 2428 968 2471 et
1001 2421 1168 2470 adhuc
1204 2426 1407 2470 terrore

340 2504 597 2561 paventes
630 2497 858 2546 Phoebus
883 2512 1062 2561 equos,
1096 2497 1407 2559 stimuloque

342 2573 524 2622 dolens
547 2578 603 2621 et
626 2573 840 2623 verbere
864 2573 1031 2622 saevit.
1082 2572 1247 2621 Saevit
1269 2571 1407 2620 enim

338 2656 625 2713 natumque
662 2649 895 2712 objectat
930 2656 988 2698 et
1025 2647 1247 2711 imputat
1269 2645 1406 2696 illis.'

342 2724 484 2773 Pius.
530 2763 535 2768 .

405 2805 503 2851 407
541 2803 680 2858 Quod
706 2803 871 2865 procul
892 2818 923 2850 a
943 2816 1057 2850 veru
1076 2801 1218 2850 nimis
1240 2806 1309 2849 est
1329 2815 1407 2850 ra·

338 2878 472 2927 tione
492 2877 750 2941 repulsum]
784 2878 933 2927 Idem
956 2885 1012 2926 et
1034 2877 1241 2927 Platoni
1264 2878 1407 2926 vide·

342 2962 431 3004 tur
455 2955 507 3013 in
530 2955 744 3017 Timaeo,
769 2956 917 3020 cujus
943 2955 1056 3004 haec
1078 2953 1239 3003 verba
1262 2963 1408 3004 sunta

339 3030 404 3078 Τὸ
425 3031 521 3093 γὰρ
538 3028 619 3080 οὖν
654 3031 731 3080 καὶ
768 3030 878 3094 παρ’
913 3030 1023 3091 ἡμῖν
1041 3028 1313 3092 λεγόμενον,
1342 3029 1409 3082 ,ὥς

342 3123 461 3155 ποτε
482 3105 667 3156 Φαέθων
702 3108 865 3156 Ἠλίου
884 3109 993 3157 ταῖς
1019 3107 1079 3156 τὸ
1106 3108 1197 3164 ,τοῦ
1232 3106 1411 3170 πατρὸς

343 3181 465 3246 ἅρμα
486 3182 651 3246 ζεύξας
672 3184 746 3233 διὰ
765 3182 825 3231 τὸ
854 3182 919 3244 μὴ
938 3181 1128 3232 δυνατὸς
1150 3179 1265 3230 εἶναι
1283 3183 1409 3232 κατὰ

342 3258 432 3316 τὴν
472 3261 561 3314 τοῦ
594 3258 769 3322 πατρὸς
801 3257 910 3306 ὁδὸν
943 3255 1169 3319 ἐλαύνειν,
1202 3255 1308 3305 τότ’
1332 3255 1409 3305 ἐπὶ

341 3336 432 3395 γῆς
473 3332 740 3396 ξυνέκαυσε,
794 3334 872 3384 καὶ
926 3332 1067 3382 αὐτὸς
1118 3333 1409 3396 κεραυνωθεὶς

344 3409 584 3474 διεφθάρη,
618 3413 763 3460 τοῦτο
784 3410 873 3472 μὲν
913 3411 1057 3473 μύθου
1089 3413 1260 3472 σχῆμα
1293 3409 1408 3472 ἔχον

341 3487 558 3549 λέγεται.
625 3487 689 3536 Τὸ
708 3488 747 3536 δ’
772 3486 939 3546 ἀληθές
955 3489 1059 3536 ἔστι
1080 3491 1175 3536 τῶν
1190 3488 1293 3549 περὶ
1313 3492 1409 3550 ’γῆν

343 3566 421 3614 καὶ
442 3565 547 3614 κατ’
567 3565 758 3627 οὗρανὸν
796 3563 958 3614 ἰόντων
990 3563 1296 3628 παράλλαξις,
1329 3565 1407 3614 καὶ

345 3639 417 3688 διὰ
445 3643 637 3703 μακρῶν
656 3638 838 3704 χρόνων
854 3639 1075 3702 γινομένη
1106 3643 1203 3689 τῶν
1224 3639 1301 3688 ἐπὶ
1319 3643 1409 3702 γῆς

344 3715 444 3780 πυρὶ
489 3719 656 3777 πολλῷ
697 3715 854 3781 φθειρσί.
908 3718 941 3766 i.
967 3733 1014 3768 e.
1048 3722 1063 3746 ⁴
1090 3717 1224 3767 Nam
1266 3717 1407 3782 quod

345 3795 503 3842 etiam
528 3793 669 3856 apud
687 3807 779 3843 nos
796 3793 1007 3853 dicitur,
1026 3792 1405 3842 Phaethontem

346 3871 479 3920 Solis
500 3869 679 3934 filium,
700 3871 821 3919 olim
848 3870 1015 3932 patris
1032 3883 1185 3916 curru
1200 3868 1409 3931 juncto,

346 3953 625 4010 propterea
664 3946 803 4012 quod
838 3961 941 3995 non
968 3946 1201 4009 potnerit
1238 3945 1409 4008 patria

346 4024 427 4076 via
450 4024 703 4086 aurigari,
737 4030 792 4070 et
815 4037 877 4070 ea
908 4038 1020 4086 quae
1045 4028 1167 4071 sunt
1189 4022 1240 4070 in
1268 4027 1411 4078 terra,

348 4098 619 4160 exussisse,
652 4103 708 4146 et
742 4097 911 4160 ipsum
946 4095 1161 4146 fulmine
1198 4111 1407 4159 percus-

346 4190 453 4224 sum
480 4176 719 4239 periisse,
749 4175 847 4224 hoc
868 4175 1081 4239 quidem
1101 4175 1295 4224 dicitur
1313 4187 1409 4236 per

342 4250 531 4302 fabulas
554 4252 806 4316 figuram:
848 4266 905 4300 re
939 4265 1063 4302 vera
1096 4258 1271 4300 autem
1303 4250 1409 4312 sig-

346 4328 591 4378 nificatur
610 4336 666 4379 et
684 4343 867 4378 eorum
891 4341 1006 4391 quae
1030 4334 1148 4378 sunt
1170 4327 1223 4377 in
1246 4333 1411 4387 terra,

473 4409 652 4474 Delph.
672 4414 721 4460 et
750 4408 867 4464 Vur.
888 4409 1023 4459 cleu.

1352 4407 1549 4456 Lame.

2376 437 2548 503 1505

1484 603 1764 655 eorumque
1797 607 1910 656 qnae
1951 592 2004 641 in
2045 593 2174 642 ‹xa-lo
2204 599 2258 642 et
2282 607 2398 643 cum
2423 596 2550 646 calo

1482 675 1777 729 moventur,
1799 667 2110 729 immutatio,
2133 673 2240 718 tum
2265 667 2326 731 is,
2359 669 2446 734 qui
2469 669 2552 733 fit,

1481 741 1634 806 longo
1679 743 1950 793 intervallo
1993 745 2326 807 interposito,
2377 761 2546 798 rerum

1480 832 1595 881 qnae
1655 819 1708 867 in
1751 827 1890 868 terra
1935 826 2074 882 silut,
2119 821 2293 870 multis
2339 821 2548 884 ignibus

1479 895 1850 958 grassantibus,
1883 895 2163 945 interitus!
2231 896 2546 950 Aristoteles

1476 969 1600 1018 item
1639 970 1980 1021 Phaethontis
2012 970 2240 1021 fabulam
2281 971 2446 1022 refert
2478 973 2545 1024 ad

1476 1045 1726 1096 incendia
1744 1057 1798 1097 et
1821 1047 2053 1098 flammas
2077 1064 2142 1098 ex
2175 1052 2306 1100 caelo
2333 1049 2547 1113 profec-

1477 1130 1579 1184 tas,
1615 1138 1732 1187 quae
1765 1125 1960 1188 parteis
1983 1125 2159 1174 mundi
2184 1126 2249 1175 ad
2289 1126 2544 1178 orientem

1477 1201 1796 1260 spectanteis
1821 1208 2148 1250 exusserunt.
2180 1201 2258 1250 sie
2298 1202 2434 1250 enim
2459 1203 2546 1252 ille

1475 1273 1610 1322 libro
1643 1283 1828 1340 quarto
1852 1277 1918 1325 de
1943 1279 2154 1339 mundo,
2185 1277 2236 1326 in
2273 1287 2541 1329 extremo:

1475 1351 1701 1414 Πυρκαῖαί
1720 1369 1775 1401 τε
1797 1350 1877 1402 καὶ
1897 1352 2094 1416 φλόγες,
2109 1354 2158 1402 nl
2177 1352 2264 1414 μὲν
2284 1355 2331 1416 ἐξ
2353 1355 2548 1418 οὐρανοῦ

1472 1425 1718 1489 ’γενόμεναι
1739 1429 1977 1493 πρότερον,
1999 1430 2158 1492 ὥσπερ
2173 1427 2321 1492 φασὶν
2336 1431 2412 1478 ἐπὶ
2427 1429 2547 1480 Φαέ-

1477 1508 1660 1565 θοντος,
1680 1503 1743 1552 τὰ
1763 1503 1874 1568 πρὸς
1895 1502 1956 1554 ἔω
1975 1503 2093 1568 μέρη
2114 1502 2424 1570 κατέφλεξαν,
2445 1509 2546 1556 &c-

1479 1581 1512 1628 i.
1538 1594 1586 1628 e.
1629 1582 1644 1609 ‘
1673 1581 1921 1630 Incendia
1959 1589 2014 1632 et
2049 1580 2296 1642 flammae,
2331 1595 2408 1630 eae
2432 1582 2544 1646 qui·

1478 1655 1595 1704 dem
1639 1672 1754 1720 quse
1801 1671 1868 1706 ex
1912 1658 2040 1707 caelo
2103 1664 2262 1707 antea
2321 1666 2544 1721 exorta,

1476 1732 1906 1796 quemadmodum
1923 1731 2096 1782 ferunt
2117 1731 2460 1784 Phaethontis
2473 1749 2544 1784 υ·

1477 1815 1605 1870 tate,
1639 1810 1833 1871 parteis
1869 1809 2169 1858 orientaleis
2192 1808 2546 1871 exusserunt,’

1475 1887 1575 1934 ὅτε.
1628 1885 1713 1936 Ita
1735 1892 1907 1934 autem
1928 1885 2158 1933 restituit
2180 1884 2314 1934 hunc
2332 1899 2542 1934 versum

1480 1963 1610 2013 Adr.
1633 1962 1862 2012 Turneb.
1903 1964 2056 2024 vulgo
2093 1962 2230 2010 enim
2271 1963 2482 2024 legitur,
2514 1978 2546 2012 a

1475 2055 1589 2088 vera
1611 2045 1684 2090 est
1705 2039 1855 2089 animi
1876 2038 2062 2086 ratione
2083 2037 2337 2099 repulsum.
2363 2037 2544 2088 Lamb.

1476 2117 1523 2164 Δ
1546 2129 1656 2162 vero
1691 2115 1834 2164 nimis
1865 2118 1937 2160 est
1973 2112 2156 2160 ratione
2178 2112 2436 2173 repulsum.
2469 2111 2544 2162 sic

1478 2198 1584 2242 vet.
1618 2191 1755 2241 libri.
1821 2191 2098 2252 Marullus,
2130 2202 2242 2238 tera
2273 2194 2345 2238 est
2381 2189 2546 2238 aniani.

1478 2269 1551 2318 Et
1609 2268 1684 2317 ita
1727 2267 1866 2329 vulg.
1917 2265 2036 2314 vide
2083 2279 2261 2328 supra,
2325 2269 2374 2314 2.
2430 2269 2546 2316 ou.

1480 2343 1653 2404 Git'an.
1697 2343 1888 2391 Melius
1913 2357 2022 2392 vera
2043 2343 2186 2391 nimis
2204 2347 2295 2392 est.
2322 2342 2542 2392 Creech.

1541 2424 1640 2469 410
1669 2421 1844 2483 Aliqua
1864 2419 2048 2468 ratione
2069 2421 2284 2483 revicta]
2318 2419 2364 2469 1.
2382 2433 2427 2468 e.
2451 2418 2547 2468 ali·

1477 2510 1580 2560 qua
1603 2497 1804 2546 ratione
1827 2496 2050 2546 vicissim
2074 2496 2246 2546 victae.
2277 2495 2445 2544 Lamo.

1540 2577 1642 2622 41³
1693 2574 1760 2622 Ut
1784 2571 1925 2632 fumo
1963 2577 2032 2620 est
2072 2573 2330 2634 hominum,
2371 2573 2545 2619 multas

1479 2650 1664 2710 quando
1697 2648 1852 2697 obruit
1889 2647 2070 2712 urbeis]
2105 2649 2192 2697 Sic
2236 2655 2319 2696 est
2362 2647 2545 2696 distin-

1478 2723 1772 2788 guendum:
1809 2724 1944 2786 quod
1981 2723 2229 2786 loquendi
2251 2737 2414 2785 genus
2454 2737 2542 2784 ag-

1478 2806 1699 2849 noscent
1745 2799 1931 2848 Latine
1971 2798 2131 2847 docti.
2196 2798 2366 2846 Marc.
2407 2797 2546 2844 Tull.

1480 2890 1575 2940 pro
1599 2875 1874 2924 Cluentio:
1912 2875 1927 2901 ‘
1953 2873 2074 2922 Non
2101 2872 2332 2920 timuisse
2367 2870 2412 2919 si
2449 2870 2544 2918 mi-

1480 2965 1575 3000 nns
1617 2952 1720 3000 vim
1765 2953 2018 3012 Deorum,
2063 2948 2429 3011 bominumque·
2464 2946 2546 2995 fa·

1478 3026 1654 3087 mam‚’
1687 3030 1786 3076 διο.
1852 3025 2000 3076 Idem
2027 3038 2121 3088 pro
2144 3025 2321 3087 Sylla:
2361 3025 2376 3051 ‘
2401 3022 2475 3071 At
2499 3022 2544 3070 si

1480 3104 1575 3152 tibi
1615 3117 1707 3151 nos
1747 3103 2002 3166 peregrini
2039 3099 2292 3160 videmur,
2327 3112 2543 3162 quornm

1471 3178 1583 3241 jam
1609 3184 1663 3226 et
1695 3191 1902 3237 nomen,
1935 3185 1990 3226 et
2022 3175 2184 3224 honos
2226 3173 2544 3224 inveteravit

1480 3262 1535 3304 et
1577 3255 1696 3303 huic
1739 3254 1874 3314 urbi,
1904 3259 1956 3300 et
1993 3251 2254 3299 hominum
2277 3249 2448 3310 famae,
2481 3261 2542 3296 ae

1480 3329 1835 3390 sermonibns‚'
1869 3332 1968 3378 διο.
2033 3325 2182 3376 Idem
2218 3326 2283 3374 de
2307 3325 2540 3387 Harusp-

1480 3409 1644 3470 Resp.
1683 3408 1700 3434 ⁸
1733 3407 1894 3455 Mitto
1932 3404 2074 3453 illam
2113 3410 2341 3451 veterem
2379 3400 2443 3448 ab
2469 3401 2544 3463 ip-

1476 3486 1547 3534 sis
1582 3484 1702 3534 Diis
1751 3479 2146 3540 immortalibus,
2180 3484 2239 3526 ut
2280 3477 2540 3526 hominum

1476 3560 1616 3609 fama
1655 3566 1753 3619 est,
1789 3556 2053 3606 Hetruriae
2097 3555 2274 3603 datam
2310 3551 2544 3614 discipli-

1479 3634 1627 3684 nam!
1652 3633 1817 3683 Lamb.
1875 3631 2030 3680 Hanc
2054 3630 2368 3692 scripturam
2386 3632 2441 3675 et
2464 3626 2542 3674 in-

1480 3710 1896 3772 terpunctionem
1935 3712 2230 3771 agnoscunt
2265 3717 2444 3752 omnes
2482 3703 2539 3751 li-

1480 3786 1575 3835 bri.
1641 3785 1878 3834 Lambini
1919 3783 2078 3832 lectio
2108 3796 2208 3829 non
2239 3782 2436 3843 placet,
2469 3783 2542 3828 est

1478 3862 1746 3911 hominum.-
1769 3859 1923 3908 urbes.
1944 3856 2122 3907 Gifan.
2163 3855 2399 3904 Vossium
2421 3855 2542 3902 vide

1480 3939 1545 3988 ad
1569 3938 1763 3986 Catuli.
1785 3952 1838 3999 p.
1855 3939 1971 3984 216.
1993 3934 2082 4000 qui
2102 3932 2221 3981 dum
2243 3947 2274 3980 a
2290 3928 2542 3981 Creechio

1480 4012 1755 4074 refellitur,
1792 4026 1891 4061 non
1915 4018 2090 4060 tamen
2115 4007 2392 4068 immerito,
2421 4020 2541 4070 per-

1483 4104 1659 4154 peram
1695 4091 1748 4137 in
1784 4087 2002 4150 vulgatis
2027 4082 2430 4146 exemplaribus,
2462 4083 2539 4131 in-

1480 4165 1780 4220 vitis.libris
1816 4164 2059 4228 antiquis,
2090 4161 2226 4210 urbes
2255 4159 2538 4223 repositum

1481 4241 1610 4291 dicit
1632 4255 1728 4304 pro
1749 4243 1906 4288 undis.
1959 4240 2070 4301 Ego
2090 4236 2302 4286 Gifanio
2325 4237 2540 4306 accede-

1481 4337 1610 4388 rem,
1641 4321 1789 4386 cujus
1810 4319 1968 4369 lectio
1991 4333 2082 4368 seu
2105 4319 2400 4381 conjectura
2424 4317 2542 4365 sim·

2300 4401 2329 4442 5
2366 4395 2408 4443 C
