3200 4959
1026 446 1125 498 »Β
1168 448 1235 496 ¹1¹.
1284 446 1668 499 nuenario
1711 448 1938 502 cauo.
2229 492 2234 495 .
2413 434 2587 515 1727

780 586 1043 660 Pisones,
1074 590 1470 669 Senecasque,
1506 588 1939 670 Memmiosque

776 687 853 746 Et
880 686 1121 765 Crispos
1152 688 1292 748 mihi
1332 686 1533 758 redde,
1560 690 1678 745 διο.
2469 738 2477 749 ,

461 782 614 849 Quae
641 801 780 840 vero
808 802 841 841 a
871 784 1189 842 recentiore
1218 790 1393 841 aetate
1432 782 1492 841 in
1531 782 1726 843 Gallia
1769 782 2085 841 etiamnum
2123 781 2305 843 claret
2347 783 2588 846 illustris

382 876 793 937 Memmiorum
824 898 989 956 gens,
1018 878 1254 955 Gallice
1282 878 1382 939 des
1436 878 1703 948 Mesmes,
1743 879 1791 937 si
1831 877 2230 939 Bernhardum
2283 881 2586 943 Monetam

380 971 666 1044 audimus,
697 974 905 1032 Latine
935 974 1322 1032 Maximorum
1355 974 1553 1050 potius
1579 973 1817 1033 nomine
1845 974 2202 1052 appellanda
2231 985 2375 1036 erat.
2430 978 2582 1051 Vide

378 1068 725 1145 Menagiana
764 1070 941 1129 Tom.
978 1085 1073 1129 ιν.
1117 1089 1251 1148 pag.
1302 1078 1434 1138 175.
1525 1070 1619 1128 De
1671 1070 1822 1129 illius
1865 1070 2051 1146 gentis
2087 1070 2360 1133 laudibus
2406 1075 2583 1153 Casp.

374 1163 689 1239 Gevartius
720 1164 1058 1241 praefatione
1088 1164 1161 1222 ad
1193 1174 1309 1225 tres
1340 1164 1676 1225 Electorum
1709 1164 1890 1223 libros
1927 1165 2115 1225 editos
2163 1167 2347 1226 Paris.
2403 1170 2584 1243 1619.

380 1269 441 1318 4.
486 1260 826 1331 Franciscus
858 1262 1143 1321 vavassor
1170 1260 1227 1321 in
1268 1259 1461 1339 elogio
1504 1260 1717 1320 Claud.
1769 1259 2053 1331 Memmii,
2088 1261 2273 1324 Hadr.
2316 1264 2585 1327 Valesius

378 1354 435 1411 in
476 1353 847 1415 dedicatione
886 1355 1157 1417 diatribae
1201 1356 1278 1415 de
1323 1356 1595 1427 basilicis,
1641 1356 1858 1435 aliique
1900 1356 2120 1417 laudati
2157 1376 2194 1417 a
2239 1359 2482 1421 Graevio
2525 1362 2583 1421 iu

373 1450 566 1528 Epist.
594 1452 669 1510 ad
699 1452 839 1512 Nic.
871 1452 1175 1511 Heinsium
1205 1453 1382 1513 Tom.
1420 1468 1512 1511 1v.
1541 1452 1690 1531 Syll.
1721 1454 2040 1512 Burmann.
2070 1472 2207 1531 pag.
2236 1452 2376 1517 610.

434 1546 711 1610 ,Lucretii
756 1546 975 1625 placita
1025 1546 1315 1624 Epicurea
1355 1548 1613 1608 carmine
1655 1547 2011 1607 confutanda
2055 1548 2164 1607 sibi
2223 1559 2577 1623 sumserunt,

376 1640 585 1717 Latino
616 1643 875 1705 Heroico
906 1641 1165 1721 quidem,
1197 1643 1421 1703 Aonius
1452 1643 1772 1714 Palearius,
1817 1644 2015 1722 Scipio
2043 1644 2347 1724 Capicius,
2389 1646 2585 1724 Polig·

376 1756 561 1797 nacus
592 1738 940 1811 cardinalis,
967 1748 1029 1799 et
1051 1739 1313 1799 Thomas
1340 1739 1521 1811 Ceva,
1554 1741 1614 1799 S.
1643 1742 1702 1800 J.
1741 1739 1993 1816 Anglico
2039 1740 2330 1802 Henrieus
2371 1743 2581 1807 Morus

372 1843 432 1891 et
460 1833 795 1893 Richardus
826 1834 1209 1903 Blackmore3
1255 1835 1493 1895 Gallico
1539 1836 1789 1895 Carolus
1834 1835 2120 1897 Claudius
2163 1838 2482 1908 Genestus,
2517 1847 2583 1915 et

374 1931 581 1991 Italico
609 1931 780 1990 Alex.
810 1930 1155 1991 Marchetti.
1186 1931 1471 2009 Scipionis
1504 1930 1737 2009 Capicii
1765 1930 1897 1989 libri
1929 1947 2011 1990 11.
2054 1931 2130 1989 de
2160 1933 2380 1992 Rerum
2410 1932 2582 1997 Prin-

374 2026 564 2107 cipiis,
595 2026 805 2087 Venet.
839 2026 1016 2091 1546.
1046 2036 1106 2087 8.
1138 2025 1427 2105 prodiere,
1454 2036 1515 2085 et
1544 2026 1789 2087 Palearii
1815 2026 1948 2085 libri
1977 2036 2090 2085 tres
2111 2045 2220 2104 pro
2243 2026 2454 2087 animae
2477 2028 2585 2089 im-

373 2122 747 2193 mortalitate,
778 2122 1051 2183 Lucretio
1078 2122 1365 2202 oppositi,
1395 2143 1466 2181 ex
1496 2122 1704 2183 merito
1725 2122 2038 2183 laudantur
2058 2142 2092 2181 a
2114 2122 2391 2182 Sadoleto
2415 2124 2578 2203 Epp-

372 2232 441 2277 ν.
467 2236 608 2297 pag.
638 2226 777 2277 200.
806 2236 954 2296 quos
980 2236 1016 2277 a
1042 2217 1309 2277 Paleario
1337 2216 1584 2297 scriptos
1614 2237 1764 2290 esse,
1799 2218 1922 2277 sine
1950 2217 2166 2277 idonea
2195 2236 2376 2277 causa
2402 2218 2579 2279 dubi-

370 2320 458 2371 tat
490 2312 643 2371 Rob.
670 2312 861 2372 Titius
904 2333 978 2373 ex
1016 2314 1261 2372 Welseri
1312 2315 1477 2392 Opp.
1524 2333 1666 2391 pag.
1721 2322 1859 2381 878.
1905 2313 2235 2374 cardinalis
2278 2314 2581 2392 Poliguaci

368 2408 505 2469 libri
533 2424 630 2468 rx.
686 2407 762 2467 de
808 2410 941 2468 Deo
970 2418 1213 2469 auctore
1243 2410 1497 2470 universi
1525 2409 1747 2489 cupide
1775 2409 2069 2486 expectati
2097 2420 2232 2487 post
2279 2412 2582 2487 specimen

370 2522 569 2565 eurum
598 2504 841 2577 editum,
867 2505 1059 2565 lucem
1087 2506 1377 2579 viderunt,
1406 2515 1542 2585 post
1571 2515 1818 2567 mortem
1862 2505 2014 2581 eius,
2060 2506 2313 2583 primum
2351 2506 2583 2566 Parisiis

372 2618 511 2676 cura
536 2600 791 2661 Abbatis
819 2601 1019 2661 Caroli
1067 2602 1385 2673 Rothelini,
1434 2603 1495 2661 in
1542 2600 1720 2675 cujus
1766 2600 2117 2679 praefatione
2163 2601 2404 2661 historia
2448 2602 2584 2663 libri

370 2695 657 2765 traditurg
684 2695 900 2755 deinde
928 2695 1145 2775 Lipsioe
1180 2705 1353 2765 1748.
1386 2704 1445 2758 8.
1486 2715 1631 2754 cura
1660 2693 2038 2764 Gotschedii,
2075 2694 2276 2755 addita
2307 2695 2576 2761 Diatribe

368 2792 447 2851 de
471 2791 669 2851 Poetis
698 2791 1095 2868 Philosophia.
1141 2793 1318 2851 Cevoe
1360 2790 1740 2869 Philosophia
1777 2788 2190 2867 nov-antiqua,
2217 2809 2338 2869 qua
2375 2792 2584 2851 confu-

369 2889 515 2949 tavit
546 2887 901 2957 Lucretium,
930 2907 1150 2947 excusa
1187 2898 1275 2948 est
1316 2888 1636 2949 Mediolani
1685 2894 1858 2955 1704.
1914 2894 2008 2944 12.
2053 2894 2115 2946 et
2164 2886 2369 2945 merita
2405 2887 2580 2949 laude

368 2983 703 3046 celebratur
728 2984 787 3042 in
819 2982 1019 3042 Diario
1046 2985 1295 3057 Veneto,
1335 2982 1622 3045 Giornale
1664 2982 1758 3041 de'
1803 2980 2055 3053 letterati
2103 2979 2356 3052 d'Italia,
2395 2982 2577 3045 Tom.

370 3094 501 3140 vu.
530 3098 667 3157 pag.
704 3085 836 3138 114.
867 3097 958 3155 sq.
990 3078 1232 3138 Henrici
1260 3078 1418 3138 Mori
1447 3079 1729 3138 poemata
1775 3073 2211 3153 philosophica,
2261 3075 2320 3133 iu
2362 3075 2577 3153 quibus

365 3174 667 3253 praecipue
722 3173 905 3233 multa
958 3193 1071 3253 pro
1134 3174 1456 3233 animorum
1534 3171 1988 3241 immortalitate,
2044 3170 2272 3248 prelum
2338 3190 2578 3245 evasere

366 3270 752 3347 Cantabrigiae
789 3266 964 3338 1647.
998 3277 1053 3329 8.
1098 3267 1477 3338 Blackmorii,
1518 3266 1751 3345 Equitis
1798 3274 1862 3325 et
1906 3262 2131 3323 Medici
2172 3264 2576 3339 Londinensis,

354 3364 577 3445 'poiima
607 3363 831 3441 insigne
860 3363 935 3423 de
965 3364 1296 3436 Creatione,
1328 3373 1551 3443 septem
1583 3370 1864 3423 constans
1890 3358 2078 3429 libris,
2108 3378 2224 3436 quo
2251 3360 2575 3421 Providen-

366 3461 506 3522 tiam
552 3459 825 3519 Numinis
868 3453 1149 3519 adversus
1190 3460 1521 3519 Lucretium
1563 3456 1849 3527 defendit,
1890 3455 2020 3533 jam
2067 3455 2306 3515 tertium
2354 3457 2576 3534 prodiit

368 3554 621 3617 Londini
648 3575 743 3614 an.
780 3563 955 3621 1714.
1025 3556 1274 3615 Genesti
1302 3562 1511 3634 poema
1541 3552 2000 3633 pulcherrimum
2027 3550 2268 3611 Parisiis
2293 3552 2570 3635 primum,

362 3649 578 3719 deinde
604 3648 1033 3709 Amstelodami
1060 3670 1156 3709 an.
1200 3660 1373 3721 1717.
1409 3659 1501 3711 152.
1532 3668 1818 3709 excusum
1849 3649 1962 3709 hoc
1994 3648 2168 3709 titulo
2195 3656 2327 3707 est:
2359 3656 2377 3681 ‘
2401 3646 2575 3708 Prin-

364 3746 527 3825 cipes
552 3745 629 3805 de
657 3746 1045 3829 philosophie,
1076 3765 1156 3804 ou
1186 3765 1427 3825 preuves
1454 3744 1764 3805 naturelles
1792 3745 1869 3805 de
1925 3744 2260 3805 l’existeuce
2296 3743 2372 3803 de
2414 3744 2571 3817 Dien

363 3853 425 3903 et
450 3842 525 3901 de
551 3842 667 3901 l’im
678 3840 966 3901 mortalite
987 3841 1058 3899 de
1080 3839 1293 3901 l'ame!
1332 3841 1495 3899 Idem
1517 3860 1652 3898 cum
1677 3838 1986 3899 Bettholdi
2012 3839 2250 3899 Henrici
2275 3840 2572 3903 Brockesii

364 3937 714 4015 metaphrasi
758 3937 1113 3997 Germanica
1162 3934 1487 4011 Hamburg.
1546 3942 1722 4003 1728.
1769 3941 1826 3993 8.
1870 3934 1984 3993 Sed
2019 3932 2336 3993 Marchetti
2384 3934 2569 4009 (ejus-

362 4032 519 4104 dem,
550 4032 726 4107 cujus
756 4032 1148 4108 metaphrasin
1178 4029 1435 4089 Lucretii
1464 4028 1734 4088 Italicam
1763 4028 1913 4088 infra
1940 4028 2308 4100 memorabo)
2347 4028 2568 4089 Poema

362 4129 833 4208 philosophicum
871 4127 1276 4206 imperfectum
1308 4126 1385 4185 ab
1430 4136 1672 4185 auctore
1718 4124 2006 4194 relictum,
2050 4142 2158 4183 nec
2202 4122 2326 4199 luci
2360 4122 2566 4185 datum

363 4234 475 4301 est,
506 4224 674 4303 cujus
702 4224 928 4284 initium
960 4232 1119 4283 extat
1148 4221 1206 4280 in
1234 4220 1439 4280 Diario
1468 4222 1694 4279 Veneto
1719 4218 1896 4279 Tom.
1925 4234 2082 4279 XXI.
2115 4236 2250 4296 pag.
2275 4218 2565 4285 258-260.

364 4320 498 4383 Nec
527 4321 835 4381 Germanis
864 4308 1076 4381 uostris
1103 4319 1292 4391 deest,
1320 4336 1495 4397 quem
1526 4315 1836 4395 ingeniosis
1864 4313 2025 4375 hisce
2052 4314 2344 4393 religionis
2375 4332 2566 4378 asser-
