3200 4959
629 373 699 425 r.
752 372 1109 423 suonn‘rn
1156 372 1335 422 cam
1389 373 1487 422 nn
1536 373 1804 423 aunum
1853 371 2028 422 NA'r.
2075 375 2222 426 ms.
2268 377 2336 422 v.
2426 361 2602 426 1513

474 521 571 568 ⁴94
604 516 883 578 Subsiderae]
916 516 965 566 1.
989 531 1035 565 e.
1074 518 1148 566 ita
1186 516 1373 578 sidere,
1408 523 1469 566 ut

409 593 676 657 planitiem
702 591 988 641 efficerent.
1020 591 1187 640 Lamb.

432 671 571 718 -499
603 668 725 716 Iade
738 668 884 728 mare,
899 666 1011 716 inde
1027 665 1129 726 αἰέν,
1150 666 1256 730 ξω]
1291 668 1471 716 Motus

406 751 661 794 astrorum
688 750 745 793 ut
784 743 979 791 rectius
1000 743 1233 804 explicet
1263 757 1363 792 vss.
1389 747 1475 793 11.-

404 818 701 906 praernittit,
695 800 910 881 quibus
944 816 1102 865 docet
1130 818 1379 866 aetberem
1402 818 1471 866 le·

404 893 671 943 vissimum
697 899 752 941 et
786 892 1179 957 liquidissimum
1213 907 1369 956 snper
1390 893 1466 942 in-

403 975 734 1020 constantem
776 975 833 1016 et
881 966 1240 1017 turbulentum
1293 967 1465 1018 ae'rem

403 1052 643 1094 evectum
689 1044 1029 1107 procellarum
1080 1045 1305 1092 omnium
1349 1057 1463 1093 esse

401 1126 695 1183 expertem,
738 1127 793 1169 et
826 1119 1085 1169 constanti
1120 1119 1463 1183 aeqnabilique

400 1202 547 1246 motu
580 1195 777 1258 fluere3
813 1211 985 1260 neque
1008 1196 1143 1246 enim
1166 1197 1267 1246 iste
1290 1206 1461 1246 motus

402 1272 615 1321 aetberis
655 1272 994 1336 incredibilis,
1052 1287 1169 1322 cum
1219 1274 1463 1336 perennis

401 1362 569 1413 neque
614 1363 838 1410 unquam
874 1363 1145 1398 recurrens
1188 1349 1259 1398 sit
1300 1351 1462 1400 Ponti

400 1425 653 1474 Euxiniin
670 1425 1046 1488 Propontidem
1063 1423 1253 1474 fluxius.
1270 1427 1462 1477 Creech.

464 1503 585 1551 Iade
613 1501 761 1551 ether
792 1501 995 1563 ignifer]
1026 1502 1115 1550 Sic
1138 1501 1331 1550 babent
1352 1517 1457 1551 om-

398 1589 490 1626 nes
512 1577 631 1626 libri
657 1584 713 1627 et
736 1591 990 1626 manuscr.
1014 1584 1070 1626 et
1098 1576 1237 1640 typis
1262 1579 1459 1628 excusi.

397 1652 607 1715 adjuvat
642 1660 817 1702 autem
848 1655 981 1703 banc
1002 1653 1311 1718 scripturam
1333 1655 1457 1719 Epi·

398 1727 511 1776 curi
546 1734 603 1777 et
646 1730 879 1778 Lucretii
925 1731 1203 1789 sententia,
1246 1731 1335 1794 qui
1370 1745 1455 1779 vo-

398 1803 512 1852 lunt
533 1805 727 1854 aethera
748 1819 859 1853 esse
892 1805 1119 1869 igneum,
1147 1812 1203 1855 et
1238 1819 1303 1854 ex
1324 1805 1457 1868 igni-

398 1878 493 1930 bus
516 1881 865 1945 liquidissimis
882 1887 1121 1931 constare
1138 1897 1151 1930 ε
1176 1880 1315 1946 qnod
1328 1881 1455 1930 item

398 1958 621 2020 putabat
644 1960 803 2021 Zeno,
823 1967 878 2008 et
902 1959 1235 2022 Anaxagoras
1256 1975 1269 2008 ε
1302 1973 1459 2022 quan·

397 2047 553 2097 quam
598 2042 757 2098 negat
796 2042 851 2084 et
884 2033 1082 2084 refellit
1126 2033 1455 2084 Aristoteles.

395 2111 663 2160 Volebam
718 2111 875 2160 iidem
916 2113 992 2160 illi
1046 2110 1457 2176 (Anaxagoram,

396 2187 685 2248 Zenonem,
720 2193 774 2236 et
795 2188 1077 2249 Epicurum
1098 2185 1244 2250 dico)
1278 2187 1455 2236 stellas

396 2261 561 2326 igneis
588 2278 703 2312 esse
724 2280 737 2311 ε
763 2264 900 2327 quod
924 2265 1047 2312 item
1070 2268 1229 2325 negat
1250 2260 1455 2311 Aristo-

398 2339 547 2399 teles,
583 2345 643 2388 ut
665 2353 823 2402 supra
845 2339 1083 2388 diximus.
1150 2339 1233 2386 Ex
1254 2338 1453 2388 Stoico·

398 2429 509 2464 rum
532 2416 795 2465 sententia
832 2424 955 2464 sunt
988 2415 1081 2464 illa
1112 2414 1283 2464 Marci
1302 2415 1455 2466 Tullii

398 2490 485 2540 lib.
505 2495 553 2540 2.
586 2491 653 2540 de
692 2492 765 2541 N.
787 2492 853 2541 D.
894 2493 911 2520 ‘
930 2491 1087 2540 Hune
1118 2490 1239 2540 ae'ra
1275 2505 1455 2541 rursus

396 2567 729 2629 amplectitur
786 2567 1079 2618 immensus.
1102 2568 1269 2617 aether
1299 2583 1313 2616 z
1367 2569 1455 2631 qui

397 2649 605 2698 constat
648 2658 715 2694 ex
762 2645 1027 2694 altissimis
1076 2643 1316 2709 ignibus,’
1355 2647 1456 2694 διο.

394 2721 631 2784 sequitur
654 2719 922 2784 deinceps,
945 2723 959 2749 ‘
980 2723 1061 2769 Ex
1080 2722 1272 2770 aetbere
1297 2720 1457 2784 igitur

394 2795 795 2846 innumerabiles
841 2794 1059 2846 flammae
1102 2796 1333 2845 siderum
1368 2811 1456 2845 ex-

401 2871 607 2933 sistunt,
630 2887 848 2936 quorum
870 2879 951 2922 est
974 2873 1216 2935 princeps
1238 2874 1316 2922 sol
1348 2887 1456 2922 om-

397 2948 485 2996 nia
520 2949 801 2998 clarissima
832 2950 951 2999 luce
982 2947 1327 3009 collustrans,’
1359 2951 1459 2999 διο.

396 3024 474 3074 sic.
488 3025 631 3088 Virg.
652 3027 770 3074 AEn.
792 3029 841 3076 2.
866 3028 981 3074 153.
1002 3025 1018 3052 ‘
1036 3023 1259 3073 Sustulit
1270 3032 1457 3076 exutas

397 3099 575 3150 vinclis
596 3101 663 3150 ad
686 3101 859 3151 sidera
876 3101 1103 3164 palmas:
1127 3100 1255 3162 Vos,
1272 3101 1457 3150 aeterni

394 3176 561 3240 ignes,
582 3184 638 3226 et
660 3191 763 3226 non
789 3176 1031 3226 violabile
1064 3182 1295 3225 vestrum
1332 3177 1457 3226 'resq

396 3260 480 3301 tor
504 3267 715 3314 numen,
743 3252 852 3301 ait.'
891 3251 1057 3301 [Δηώ.
1108 3252 1322 3301 AEthera
1342 3254 1357 3281 ‘
1381 3253 1457 3316 ig-

394 3328 636 3378 niferum’
680 3335 853 3390 vocat,
887 3327 1027 3392 quod
1060 3330 1241 3390 solem,
1272 3330 1461 3392 lunam,

396 3405 573 3456 stellas
596 3406 819 3454 tremulo
833 3405 1025 3468 jubare
1048 3410 1297 3454 ostentet.
1363 3405 1457 3453 So-

393 3481 459 3529 lis
480 3481 643 3544 ipsius
670 3480 947 3545 igniferum
966 3481 1087 3530 hine
1104 3481 1279 3530 orbem
1302 3495 1458 3543 agno-

395 3555 475 3603 vit
512 3557 709 3606 Lucan.
744 3560 795 3606 3.
815 3560 899 3606 41.
931 3556 1115 3605 ‘Titan
1131 3555 1239 3618 jam
1264 3570 1457 3618 pronus

392 3630 447 3678 in
472 3633 636 3680 undas
656 3631 797 3694 Ibat,
816 3639 877 3682 ‚et
898 3629 1109 3695 igniferi
1132 3639 1331 3682 tantum
1367 3632 1456 3681 de-¹

394 3713 648 3756 merserat
676 3708 839 3771 orbis,
861 3708 1163 3772 Quantum:
1184 3711 1285 3758 ὅτε.
1323 3707 1457 3758 Han.

396 3813 403 3834 ε
456 3787 557 3832 500
592 3783 769 3832 Omnia
786 3783 929 3846 pura]
963 3784 1128 3832 Terra
1148 3783 1285 3831 enim
1306 3783 1457 3834 limus

392 3866 449 3910 et
469 3857 581 3908 foex
604 3861 765 3910 totius
784 3861 961 3910 mundi
980 3859 1184 3924 penitus
1201 3859 1455 3908 subsedit.

396 3935 589 3984 Creecls.

401 4047 409 4059 .
454 4017 551 4061 505
587 4012 821 4074 Turbes-e]
856 4015 1141 4070 Παθτνηκῶς.
1176 4012 1349 4062 Faber.

456 4091 554 4136 506
575 4086 703 4137 Suos
720 4087 901 4150 igneis]
932 4088 1039 4136 Sua
1062 4094 1230 4138 astra.
1257 4102 1325 4135 ex
1346 4086 1457 4151 qui·

391 4162 502 4226 bus,
520 4177 639 4212 cum
662 4163 768 4210 sint
790 4163 955 4226 ignes,
972 4162 1203 4212 dicitur‘
1218 4160 1457 4225 ignifer.'

384 4245 449 4288 et
470 4253 696 4302 rursum,
735 4239 856 4302 quia
888 4246 1009 4288 sunt
1032 4237 1179 4302 signa
1202 4237 1459 4302 quaedam,

1539 517 1555 544 ‘
1573 515 1824 582 signifer!
1852 518 2020 568 Lamb.

1609 594 1810 657 Impets]
1827 594 1902 643 Im
1909 609 1974 658 pe
1981 602 2050 645 tu.
2064 609 2178 657 sup.
2190 599 2242 644 2.
2253 597 2367 644 306.
2382 595 2399 623 ‘
2412 593 2606 645 Trans·

1540 669 1762 720 mittunt
1817 671 1988 720 valido
2043 671 2342 735 quatientes
2407 671 2602 734 impete

1542 759 1770 808 campos.
1772 745 1788 768 '
1809 752 1864 795 et
1882 750 1934 796 4.
1956 750 2068 796 418.
2090 747 2106 774 ‘
2123 749 2444 808 Despectam
2470 759 2604 808 prae·

1541 819 1634 869 bet
1654 821 1750 870 sub
1774 828 1936 871 terras
1958 821 2156 884 impete
2181 819 2364 870 tanto!
2395 825 2454 870 et
2471 820 2602 870 item

1542 896 1663 946 alibi
1686 911 1846 960 saepe.
1883 898 2050 948 Lumb.

1607 977 1702 1022 507
1738 973 1948 1036 Modice]
1981 973 2026 1024 1.
2047 987 2094 1024 e.
2115 973 2398 1023 moderate.
2432 971 2600 1022 Lumo.

1605 1051 1765 1112 Atque
1785 1065 1874 1098 ano
1890 1064 2023 1112 posse
2036 1051 2238 1098 AEtloem
2259 1049 2388 1113 nisu]
2420 1048 2600 1112 Atque

1538 1137 1640 1172 uno
1658 1131 1714 1173 et
1727 1125 1912 1174 eodem
1928 1127 2148 1188 impetu,
2167 1139 2259 1175 seu
2278 1132 2476 1188 tenore,
2497 1127 2598 1174 &c-

1536 1197 1701 1248 Iamb.
1761 1237 1766 1244 .
2601 1228 2608 1239 .

1600 1277 1698 1322 508
1750 1274 2006 1342 Significat
2062 1275 2208 1323 Ponti
2255 1273 2406 1338 mre]
2472 1276 2596 1325 Vet.

1537 1345 1675 1410 libri,
1707 1351 1885 1404 Ponto.
1953 1349 2052 1398 Sed
2077 1350 2215 1413 lego,
2238 1349 2398 1398 Ponti.
2465 1351 2598 1400 Nam

1536 1433 1595 1475 ut
1646 1426 1863 1475 Ovidius
1908 1427 2044 1476 Met.
2089 1429 2138 1474 7.
2185 1428 2300 1474 26ῒ.
2339 1425 2599 1474 .‘0ceani

1534 1502 1709 1552 mare’
1756 1503 1884 1552 dicit
1931 1502 2186 1553 ‘refluum
2205 1501 2238 1561 ς’
2279 1503 2356 1550 ita
2401 1503 2600 1552 ‘Ponti

1534 1593 1678 1629 mare
1702 1584 1836 1646 non?
1867 1594 1982 1630 esse
2011 1581 2028 1607 ⁴
2043 1577 2304 1640 refluum,’‚
2325 1578 2417 1628 sed
2441 1592 2600 1630 unum

1534 1668 1746 1704 servare
1777 1662 1936 1704 aestus
1975 1662 2208 1705 tenorem
2243 1653 2457 1715 Strabo,
2490 1653 2603 1703 Pli-

1532 1730 1670 1793 nius,
1697 1738 1753 1781 et
1788 1731 1874 1780 alii
1914 1731 2182 1781 scribunt:
2220 1729 2358 1794 quod
2395 1737 2453 1778 et
2484 1730 2598 1780 vult

1534 1805 1823 1859 Lucretius.
1866 1805 2190 1870 Miror,quid
2215 1805 2494 1856 Lambinus
2515 1819 2601 1855 ve-

1530 1879 1614 1942 lit,
1669 1882 1758 1945 qui
1801 1881 2010 1943 reponit
2051 1885 2260 1930 tantum.
2315 1877 2494 1930 Gifan.
2537 1881 2594 1930 in

1532 1955 1698 2019 prima
1714 1954 1958 2012 editione.
1984 1955 2046 2004 In
2065 1957 2230 2018 prima
2239 1954 2470 2006 editione
2479 1970 2598 2006 cnm

1530 2045 1616 2080 me
1671 2029 1965 2081 offenderet
2017 2032 2227 2092 vulgata
2275 2036 2333 2078 et
2383 2037 2598 2094 recepta

1531 2107 1812 2170 scriptura,
1845 2122 1879 2156 a
1915 2121 2016 2171 qua
2050 2120 2155 2156 non
2177 2106 2444 2170 discrepat
2465 2107 2598 2158 anti·

1529 2183 1794 2247 quissima,
1815 2188 1962 2246 ponto
1981 2197 2132 2244 more,
2159 2183 2466 2246 scripseram
2489 2187 2596 2234 tan·

1530 2264 1632 2308 tum
1653 2275 1799 2310 mare.
1835 2259 1902 2310 ad
1937 2275 2088 2324 quem
2129 2261 2300 2310 locum
2339 2259 2454 2309 brec
2477 2275 2596 2324 qun

1530 2343 1835 2400 sequuntur,
1881 2337 1993 2386 sine
2037 2337 2142 2387 ulla
2185 2337 2462 2399 varietate,
2503 2339 2594 2388 ad·

1530 2413 1874 2476 scripseram:
1921 2414 2107 2465 ‘Ordo
2149 2420 2247 2477 est,
2296 2421 2496 2464 tantum
2538 2422 2596 2465 et

1530 2495 1638 2538 tam
1681 2491 1844 2540 latum
1885 2504 2046 2552 mare,
2093 2491 2232 2555 quod
2275 2497 2424 2541 certo
2464 2496 2596 2540 aestu

1528 2563 1644 2615 fluit
1663 2575 1720 2616 et
1741 2564 1932 2628 refluit,
1965 2573 2020 2616 et
2039 2567 2178 2632 quod
2200 2582 2358 2617 unum
2381 2574 2436 2616 et
2469 2581 2594 2618 eun-

1531 2639 1649 2690 dem
1681 2639 1876 2690 fluendi
1901 2649 2132 2691 tenorem
2156 2643 2370 2704 retinet,
2400 2643 2596 2706 signifi·

1531 2723 1624 2766 cat
1643 2723 1698 2765 et
1722 2717 1912 2779 arguit,
1948 2717 2145 2766 aethera
2174 2729 2276 2766 uno
2315 2723 2372 2766 et
2409 2716 2598 2768 eodem

1532 2789 1685 2841 modo
1727 2791 2030 2854 circumagi.
2119 2790 2376 2844 Omnibus
2419 2799 2595 2842 autem

1529 2867 1681 2916 libris
1702 2867 2107 2918 reclamantibus
2125 2866 2488 2920 excudendum
2507 2883 2596 2918 cu-

1532 2944 1666 3005 tavi,
1695 2944 1959 3009 Significat
1989 2949 2176 2994 tuntum
2197 2958 2345 3006 mure,
2363 2946 2448 3002 ec.
2477 2959 2598 2996 cum

1530 3019 1758 3076 habeant
1787 3024 1933 3082 ponto
1959 3035 2106 3070 mare.
2173 3020 2302 3071 Quae
2337 3019 2597 3082 scriptura

1532 3093 1660 3158 quid
1694 3094 1792 3144 sibi
1832 3095 1976 3150 velit,
2010 3094 2204 3156 nescio,
2226 3095 2322 3144 nisi
2345 3095 2596 3156 dieamus,

1532 3167 1926 3231 intelligendum
1976 3169 2244 3230 Pontum,.
2270 3173 2360 3216 aut
2414 3168 2596 3217 Helle·

1530 3251 1790 3308 spontum.
1825 3242 1964 3306 quod
1997 3243 2040 3290 si
2073 3244 2299 3305 placeat,
2318 3242 2598 3307 legendum

1531 3326 1676 3370 esset
1697 3318 1850 3367 Ponti
1882 3315 2048 3368 mare!
2113 3317 2247 3367 Haeo
2284 3319 2441 3382 igitur
2473 3319 2600 3378 olim

1530 3396 1876 3458 scripseram:
1903 3409 2016 3457 quae
2041 3408 2157 3442 cnm
2181 3395 2320 3458 apud
2345 3410 2426 3448 me
2445 3395 2596 3459 legis·

1532 3479 1615 3522 set
1637 3472 1838 3532 Zoilus,
1853 3471 1990 3534 quod
2014 3477 2274 3533 postremo
2297 3472 2413 3521 loco
2431 3471 2602 3534 posui,

1532 3549 1772 3614 qnodque
1795 3554 1906 3594 erat
1924 3549 2192 3608 optimum,
2209 3546 2452 3609 arripuit,
2473 3545 2596 3606 sibi-⁴

1533 3641 1636 3690 que
1661 3622 1974 3674 vendicavit.
2010 3621 2137 3670 illud
2172 3622 2392 3670 alterum
2413 3626 2599 3672 tuntum

1530 3717 1682 3764 mare,
1715 3700 1852 3766 quod
1893 3699 2088 3752 idcirco
2109 3701 2440 3763 scripseram,
2475 3699 2598 3764 quia

1532 3781 1688 3830 Ponto
1703 3793 1834 3828 mare
1845 3783 2152 3838 corruptum
2161 3774 2474 3837 judicarem,
2490 3775 2595 3829 vel·⁴

1529 3856 1729 3914 licavit,
1765 3859 1820 3902 et
1842 3851 2140 3914 adscripsit,
2173 3864 2230 3898 se
2253 3850 2448 3910 mirari,
2469 3849 2594 3913 quid

1532 3931 1632 3980 sibi
1655 3929 1938 3978 Lambinus
1963 3927 2110 3987 velit,
2132 3926 2426 3987 quitantiam
2445 3937 2597 3986 repo-

1532 4007 1710 4056 suerit.
1775 4004 1916 4056 Quid
1940 4011 2022 4052 est
2046 4001 2184 4050 aliud
2209 4015 2318 4048 esse
2351 3997 2595 4056 βάσκανον

1532 4089 1587 4131 et
1612 4078 2020 4144 sycophantam?
2055 4078 2208 4126 Nunc
2241 4076 2421 4138 igitur,
2451 4077 2592 4140 quod

1529 4170 1699 4206 meum
1739 4162 1840 4216 est,
1874 4167 1992 4205 meo
2029 4151 2152 4214 jure
2191 4157 2394 4213 repeto,
2435 4160 2594 4216 atque

1530 4246 1702 4284 assero
1745 4229 1948 4280 liberali
1998 4241 2158 4278 causa
2199 4241 2370 4290 manu.
2423 4227 2594 4286 Lamo.
