3200 4959
541 477 612 529 'l'-
659 477 1012 528 Lucnn‘ru
1059 477 1238 528 uam
1289 477 1384 529 DB
1430 477 1699 532 RERUM
1746 481 1925 531 NA‘r.
1973 481 2122 532 mn.
2170 483 2273 534 vl.

349 617 448 670 inf:
469 633 547 670 vs.
569 621 686 670 676.
707 621 722 648 ‘
743 635 858 686 quae
882 621 1011 672 vidit
1041 622 1296 689 quisque,’
1317 637 1410 688 pa-

348 695 480 744 riter
503 695 676 758 posita
711 705 849 760 sunt,
872 711 1004 760 pro:
1037 713 1152 763 qnoe
1186 699 1407 763 primum

349 772 436 820 vel
473 773 636 834 prima
667 773 882 837 quisque
916 774 1064 848 vidit.
1130 775 1235 825 Sed
1273 777 1407 825 mala

348 848 542 913 ubique
572 849 838 899 distinctio
872 849 1224 901 confusionem
1247 866 1404 917 pepe-

347 925 441 983 rit,
463 939 619 988 quum
653 924 728 972 ita
761 924 1005 989 distingui
1033 927 1081 976 bi
1115 942 1292 978 versus
1315 928 1404 979 de·

346 997 528 1061 beant,
547 999 624 1048 nti
649 1013 680 1046 a
711 998 857 1048 nobis
878 998 1073 1052 factum
1096 1009 1199 1064 est,
1217 1017 1321 1053 nou
1346 1009 1406 1056 ut

347 1076 528 1139 vulgo,
559 1075 822 1140 videlicet,
855 1082 904 1127 st
941 1080 1096 1129 omnia
1138 1081 1198 1130 de
1229 1095 1406 1143 gersen

345 1156 493 1217 omni,
523 1155 747 1204 Maxima
779 1171 884 1220 qm
905 1157 1027 1208 vidit
1061 1159 1254 1223 quisque
1289 1162 1406 1225 hec,

343 1230 428 1292 ξε.
460 1231 552 1278 sed
573 1235 620 1280 et
641 1231 799 1280 omnia
821 1235 880 1281 de
895 1247 1071 1295 genere
1089 1236 1214 1285 omni
1239 1237 1404 1286 Maxi·

344 1317 457 1364 snm·
489 1319 596 1369 Μ
621 1307 744 1356 vidit
771 1308 980 1372 quisque,
1000 1312 1084 1372 &⁶-
1117 1309 1307 1372 Arbor,
1330 1311 1404 1362 in·

343 1381 479 1444 quit,
503 1387 559 1434 et
591 1381 740 1431 bomo
762 1384 965 1434 videtur
999 1385 1200 1450 iugens,
1221 1394 1276 1436 et
1297 1403 1402 1438 om·

343 1455 435 1506 nia
465 1457 519 1505 in
541 1458 676 1506 omni
711 1471 904 1521 genere
944 1460 1183 1510 videntur
1222 1462 1293 1524 ei,
1315 1464 1400 1527 qui

343 1545 450 1582 nou
487 1541 610 1582 aute
648 1534 840 1598 aliquid
879 1538 1043 1600 majus
1086 1538 1233 1598 vidit,
1263 1553 1404 1588 max·

341 1607 482 1670 ima,
515 1623 630 1658 nam
667 1623 784 1673 quoe
826 1611 1039 1676 quisque
1081 1613 1232 1676 vidit,
1273 1613 1401 1678 (pri-

325 1697 482 1732 mum
517 1684 760 1748 scilicet,)
797 1697 858 1734 ea
881 1685 1029 1751 fingit
1049 1689 1150 1738 sibi
1172 1685 1400 1754 ingentia

341 1761 401 1806 et
423 1759 662 1809 maxima.
729 1759 864 1810 Hav-

405 1838 504 1884 6⁷5
546 1835 610 1883 Et
642 1836 828 1898 ingens,
857 1836 962 1900 ξω]
995 1838 1066 1886 Et
1104 1837 1285 1902 ingens
1325 1839 1400 1890 vi-

338 1909 499 1960 detur
533 1911 704 1971 arbor,
729 1912 1001 1976 homoque,
1033 1913 1082 1962 ei
1116 1913 1204 1977 qui
1237 1914 1398 1977 maJo-

337 1999 449 2036 rem
482 1986 740 2050 arborem,
759 1988 1108 2052 majoremque
1139 1990 1398 2040 hominem

337 2073 441 2109 non
468 2061 616 2110 vidit.
677 2061 844 2112 Lami».

404 2140 502 2185 677
537 2136 780 2200 Maxima]
809 2137 857 2188 1.
893 2151 942 2190 e.
982 2139 1166 2203 quibus
1199 2139 1398 2204 majora

335 2226 616 2277 numquam
659 2222 814 2264 antea
850 2215 997 2268 vidit.
1064 2217 1231 2268 Lamb.
1299 2219 1397 2267 Te·

333 2292 495 2341 rentii
517 2293 828 2356 interpretes
846 2309 911 2344 ex
932 2295 1185 2345 Cicerone
1208 2302 1263 2346 et
1283 2297 1396 2346 aliis

335 2366 619 2431 docebunt,
629 2368 750 2432 quid
770 2370 907 2420 iuter
921 2371 938 2398 ⁴
953 2386 1164 2436 magnus
1179 2372 1193 2394 '
1205 2380 1260 2422 et
1282 2375 1298 2402 ‘
1319 2373 1394 2422 in-

334 2457 463 2507 gens
482 2443 498 2466 ’
522 2444 744 2494 intersit.
811 2447 932 2496 Non
966 2454 1160 2498 temere
1184 2455 1199 2478 ‘
1218 2449 1396 2511 ingen·

332 2518 472 2569 tior’
501 2527 767 2582 occurrat3
807 2531 1014 2573 constat
1047 2532 1221 2574 tamen
1256 2525 1394 2589 apud

335 2593 484 2656 virg.
506 2595 622 2644 AEn.
649 2600 727 2645 11.
749 2600 862 2646 124.
886 2597 1008 2660 legi.
1075 2599 1247 2648 Faber.

397 2673 498 2719 680
533 2671 676 2721 Nunc
693 2677 851 2722 tamen
871 2672 982 2736 illa]
1017 2674 1174 2724 Redit
1212 2674 1275 2724 ad
1316 2675 1394 2726 in·

333 2743 570 2796 stitutam
613 2746 1017 2811 disputationem
1061 2750 1128 2800 de
1170 2751 1394 2800 AEtnaeo-

331 2837 448 2872 rum
491 2823 683 2885 ignium
723 2825 943 2874 ratione.
986 2825 1053 2874 de
1092 2824 1275 2890 quibus
1317 2826 1393 2875 sie

327 2898 483 2961 Virg.
505 2897 621 2947 AEn.
643 2903 691 2948 3.
712 2903 827 2949 571.
859 2901 876 2928 ‘
901 2900 992 2948 sed
1009 2899 1258 2951 horrificis
1271 2902 1394 2965 jux·

333 2979 392 3022 ta
425 2981 576 3022 tonat
596 2975 750 3024 AEtna
787 2975 978 3026 minist
1019 2977 1391 3042 Interdumque

331 3052 502 3096 atram
534 3050 829 3112 prorumpit
861 3049 927 3098 ad
962 3051 1160 3101 aetbera
1184 3053 1394 3116 nubem,

325 3122 560 3174 Turbine
581 3123 862 3174 fumantem
883 3127 1051 3190 piceo,
1066 3135 1120 3177 et
1136 3130 1394 3179 candente

328 3200 530 3264 favilla,
570 3202 886 3266 Attollitque
935 3203 1114 3268 globos
1167 3202 1394 3256 flamma-

329 3291 465 3340 rum,
481 3283 536 3326 et
556 3278 729 3327 sidera
743 3279 958 3328 lambit:
992 3279 1259 3328 Interdum
1281 3295 1393 3330 sco·

329 3354 504 3417 pulos,
523 3355 796 3418 avulsaque
819 3354 1019 3403 viscera
1053 3356 1243 3404 montis
1277 3355 1391 3404 Eri-

331 3428 415 3490 git
441 3437 702 3492 eructans,
721 3427 1109 3493 liquefactaque
1135 3445 1264 3479 saxa
1297 3429 1392 3479 sub

332 3517 487 3552 auras
529 3503 660 3552 Cum
703 3505 898 3566 gemitu
949 3505 1240 3567 glomerat?
1305 3507 1391 3555 De

326 3576 518 3625 iisdem
562 3578 638 3626 sic
683 3577 902 3626 Aristot.
953 3576 1042 3628 lib.
1087 3579 1152 3627 de
1206 3579 1390 3629 Mund.

327 3651 626 3715 Ἐμπεριέχει
660 3652 712 3700 δὲ
744 3653 822 3702 καὶ
842 3652 1028 3704 πολλὰς
1047 3654 1080 3713 ἦ
1095 3671 1161 3715 γη
1193 3655 1243 3704 ἐν
1259 3656 1395 3719 αὐτῇ,

334 3727 545 3792 καθάπερ
573 3729 756 3791 ὕδατος,
776 3727 898 3778 οὕτω
928 3729 1006 3778 καὶ
1034 3730 1294 3791 πνεύματος
1314 3731 1393 3779 καὶ

330 3803 477 3868 πυρὸς
511 3803 689 3865 πηγάς.
722 3803 899 3853 rabi-m·
929 3803 979 3852 δὲ
1003 3805 1054 3854 αἱ
1069 3804 1155 3866 μὲν
1185 3805 1273 3853 ὑπὸ
1297 3807 1394 3865 ’γῆν

331 3880 448 3930 εἰσιν
466 3880 668 3944 &Apes-ot,
693 3880 874 3929 πολλοὶ
895 3879 946 3928 δὲ
961 3880 1192 3930 ἀναπνοὰς
1214 3879 1398 3943 ἔχουσι,

332 3957 411 4006 καὶ
448 3957 778 4020 ἂναφισήσεις,
811 3957 968 4019 ὥσπερ
1008 3955 1188 4021 Λιπάρα
1222 3974 1279 4005 τε
1318 3955 1396 4005 καὶ

331 4032 496 4094 Δίνη,
520 4031 599 4080 καὶ
629 4033 691 4081 τὰ
713 4034 762 4081 ἐν
792 4031 962 4081 Αἰόλου
983 4032 1152 4091 νήσοις.
1177 4030 1226 4080 αἳ
1246 4032 1302 4090 δὴ
1318 4033 1395 4081 καὶ

329 4107 488 4174 ῥέουσι
522 4107 754 4156 πολλάκις
781 4111 1002 4168 ποταμοῖν
1034 4107 1182 4170 δίκην,
1205 4108 1283 4156 καὶ
1314 4108 1396 4169 μύ·

329 4185 464 4247 Βρονς
482 4183 808 4248 ἂναῤῥιννοῦσι
824 4182 1087 4247 διαπύρους.
1105 4184 1138 4234 ἰ.
1157 4199 1202 4233 e.
1222 4184 1240 4212 ‘
1260 4184 1396 4233 Con-

329 4262 471 4310 tinet
493 4268 667 4310 antem
703 4269 848 4310 terra
868 4267 922 4311 et
955 4260 1144 4310 multos
1169 4259 1218 4308 iu
1241 4273 1314 4321 se,
1339 4266 1398 4308 ut

334 4349 505 4402 aquas,
539 4337 615 4386 ita
654 4343 710 4386 et
746 4333 897 4384 flattu
937 4341 992 4385 et
1027 4335 1156 4399 ignis
1189 4333 1396 4386 fonteis.

2364 463 2537 534 1651

1481 621 1680 674 Horum
1714 638 1870 689 porro
1909 620 1997 675 alii
2032 624 2237 691 quidem
2272 625 2368 677 sub
2396 632 2539 678 terra

1478 707 1599 749 sunt
1640 701 1833 751 occulti
1874 708 1930 750 et
1968 701 2193 766 obscuri,
2230 703 2318 752 alii
2358 710 2535 754 autem

1477 777 1847 841 respirationes
1890 778 2102 841 habent,
2142 787 2201 828 ut
2238 779 2444 843 Lipara,
2480 784 2537 832 et

1475 853 1671 916 AEtnae,
1705 860 1762 904 et
1798 854 1913 903 loca
1950 854 2003 902 in
2040 853 2174 905 AEoli
2214 855 2413 906 insulis.
2446 857 2537 921 qui

1475 942 1832 992 sepenumero
1842 935 1896 978 et
1904 926 2172 979 fluviorum
2188 929 2337 980 modo
2350 929 2535 994 fluunt,

1473 1010 1533 1054 et
1579 1002 1811 1054 flammas
1858 1020 1919 1054 ac
1980 1019 2171 1055 massas
2228 1006 2535 1057 candente-is

1473 1079 1815 1143 provomuntss
1848 1079 1933 1129 De
1953 1080 2135 1131 iisdem
2160 1080 2297 1131 idem
2318 1082 2410 1133 lib.
2430 1083 2537 1147 περὶ

1472 1155 1734 1217 θαυμασίαν
1775 1157 1971 1218 &novem
2036 1157 2201 1208 Lamo.
2265 1157 2321 1208 si
2362 1159 2537 1222 inqui-

1474 1244 1558 1278 ras
1604 1245 1697 1280 cnr
1740 1231 1975 1281 collectae
2023 1233 2073 1280 in
2118 1233 2272 1283 AEtua
2314 1231 2533 1286 flamma

1473 1313 1748 1369 erumpant
1783 1313 1928 1358 tauto
1961 1307 2175 1371 impetu,
2206 1323 2311 1358 vss.
2335 1313 2417 1359 31.
2442 1310 2535 1360 de-

1473 1384 1699 1434 claratur
1732 1383 1895 1434 ratio=
1932 1377 2195 1448 Breviter,
2222 1386 2435 1436 viventi
2470 1385 2533 1436 fit

1473 1463 1711 1525 erupti03
1747 1463 1887 1512 venti
1927 1469 2097 1513 autern
2143 1463 2289 1514 istius
2334 1465 2532 1514 semina

1471 1524 1538 1586 e‘x
1581 1537 1819 1587 universo
1862 1537 2063 1588 infinito
2107 1539 2338 1602 veniunt,
2382 1547 2438 1590 et
2475 1541 2530 1589 in

1471 1621 1651 1661 monte
1698 1613 1851 1662 AEtua
1914 1613 2133 1663 collecta
2181 1612 2408 1664 flammas
2447 1617 2530 1666 vel

1467 1686 1695 1737 latentes
1717 1689 1770 1737 in
1795 1688 2075 1738 visceribus
2110 1690 2321 1752 montis,
2344 1692 2426 1740 vel
2461 1705 2531 1740 ex

1469 1762 1581 1825 ipso
1624 1771 1800 1814 moute
1846 1778 2115 1828 expressas
2156 1765 2391 1830 ejiciunt,
2428 1781 2530 1819 vss.

1470 1842 1546 1888 14.
1569 1847 1659 1888 aut
1686 1849 1869 1889 ventus
1895 1841 1994 1890 iste
2017 1841 2170 1890 irruit
2203 1855 2299 1904 per
2320 1843 2529 1905 spelun-

1469 1929 1558 1964 cas
1595 1929 1712 1978 quoe
1752 1923 1870 1966 sunt
1908 1917 1973 1966 ad
2009 1916 2211 1966 radices
2244 1917 2449 1978 montis,
2472 1925 2529 1967 et

1471 2004 1681 2052 quarum
1707 2006 1817 2054 ora,
1837 2006 1953 2041 cum
1972 2006 2112 2041 mare
2135 2007 2167 2041 a
2186 1992 2361 2041 littore
2384 2007 2529 2046 rece-

1469 2065 1567 2128 dit,
1587 2065 1751 2130 (mare
1765 2068 1899 2116 enim
1919 2067 2118 2116 radices
2134 2067 2322 2116 montis
2340 2067 2533 2133 alluit,)

1467 2149 1652 2206 aperta
1687 2150 1829 2204 sunt,
1869 2151 2026 2207 atque
2063 2143 2135 2192 ita
2172 2141 2318 2193 efflat
2353 2143 2531 2206 ignes3

1467 2230 1570 2266 vss.
1614 2221 1665 2268 7.
1736 2219 1974 2282 Denique
2018 2219 2071 2268 in
2113 2219 2242 2281 ipsis
2290 2217 2527 2269 faucibus

1467 2292 1659 2340 montis
1680 2299 2001 2354 generantur
2022 2293 2183 2354 venti,
2206 2308 2308 2342 vss.
2333 2297 2386 2346 2.
2437 2293 2527 2343 Sic

1467 2368 1657 2416 multas
1690 2368 1839 2431 ponit
1860 2383 2062 2431 causas,
2082 2375 2139 2418 ut
2162 2369 2296 2419 iuter
2319 2383 2405 2420 eas
2426 2383 2529 2418 una

1467 2459 1611 2506 vera,
1664 2452 1719 2494 et
1774 2453 1918 2494 certa
1986 2443 2270 2509 diceretur,
2326 2459 2427 2496 vss.
2477 2450 2526 2496 9.

1471 2522 1667 2572 Grec-eh.

1531 2600 1630 2644 682
1662 2597 1881 2647 Primum
1918 2597 2090 2660 totius]
2120 2599 2209 2648 Sic
2246 2597 2359 2648 fere
2396 2599 2525 2650 Tro·

1467 2685 1562 2736 gns
1586 2672 1676 2721 lib.
1706 2676 1757 2722 4.
1794 2680 1853 2721 ut
1896 2679 1979 2723 est
2021 2673 2159 2736 apud
2194 2675 2429 2723 Servium
2471 2675 2527 2722 in

1467 2749 1582 2798 AEn.
1603 2753 1653 2800 3.
1672 2753 1687 2777 ‘
1704 2751 1881 2798 Sicilia
1905 2758 2044 2800 terra
2069 2758 2151 2800 est
2168 2765 2451 2800 cavernosa
2470 2759 2528 2800 et

1466 2825 1731 2876 fistulosa:
1767 2840 1870 2890 quo
1904 2825 1982 2889 fit,
2002 2834 2059 2875 ut
2083 2833 2356 2875 ventorum
2390 2824 2525 2875 flati-

1465 2902 1560 2951 bus
1599 2907 1805 2966 pateat,
1846 2903 1982 2952 unde
2024 2902 2155 2966 iguis
2200 2901 2525 2966 concipitur:

1466 2978 1773 3026 intrinsecus
1819 2976 2032 3041 sulphur
2072 2977 2251 3038 habet,
2293 2985 2351 3026 et
2391 2977 2529 3026 bitu-

1465 3066 1611 3102 men:
1648 3053 1701 3118 in
1741 3067 1854 3116 quae
1894 3052 1981 3100 ubi
2006 3059 2190 3102 ventus
2228 3066 2324 3114 per
2361 3053 2527 3114 spira·

1465 3134 1640 3176 menta
1662 3141 1999 3176 cavernarum
2039 3127 2289 3188 incubuit,
2308 3125 2397 3174 diu
2422 3128 2527 3176 luc·-

1466 3209 1607 3252 tatus
1630 3203 1803 3266 iguem
1826 3203 2071 3266 concipit.
2140 3203 2227 3251 Sic
2245 3203 2412 3251 AEtnae
2430 3201 2528 3250 du-

1465 3287 1548 3329 rat
1571 3279 1881 3339 incendium.
1905 3287 2073 3327 motus
2096 3292 2217 3342 ergo
2241 3283 2529 3341 ventorum,

1466 3369 1623 3404 causa
1644 3353 1872 3403 incendii
1891 3353 2009 3402 est!
2072 3353 2241 3404 Lamb.

1527 3434 1624 3478 685
1666 3429 1845 3480 Ventus
1859 3430 1981 3478 enim
1988 3429 2075 3493 fit,
2093 3429 2172 3477 ubi
2189 3434 2261 3479 est
2276 3428 2527 3491 agitando]

1464 3505 1653 3570 Itaque
1689 3505 1898 3570 qnidam
1938 3504 2140 3562 dicunt,
2164 3511 2374 3554 ventum
2398 3505 2527 3554 nihil

1466 3581 1606 3630 aliud
1661 3595 1796 3643 esse,
1852 3595 2004 3645 quam
2075 3580 2328 3643 agitatum
2390 3579 2527 3628 aera.

1529 3736 1627 3781 687
1666 3731 2021 3795 Qaacontigit]
2056 3731 2176 3784 Qua
2213 3737 2367 3795 parte
2403 3741 2530 3781 saxa.

1467 3808 1654 3870 tangit.
1717 3807 1885 3856 Lomb.

1534 3883 1835 3944 Ter-rumque]
1876 3883 1948 3931 Et
1988 3879 2077 3931 ubi
2110 3887 2307 3932 terram
2339 3880 2529 3934 calefe-

1467 3959 1562 4020 cit,
1584 3973 1687 4022 qua
1710 3973 1822 4008 eam
1846 3959 2032 4021 tangit.
2098 3958 2266 4008 Lamb.

1531 4038 1631 4082 689
1662 4034 1735 4082 Δι-
1754 4033 1898 4082 rectis
1914 4034 1987 4082 ita
1999 4033 2227 4094 faucibus
2256 4033 2387 4094 <ficit
2408 4031 2529 4095 alte]

1469 4107 1691 4156 Severus
1710 4109 1762 4156 iu
1786 4109 1939 4157 AEtua
1976 4123 2050 4158 vs.
2074 4112 2187 4157 822.
2218 4109 2235 4136 ‘
2263 4106 2422 4156 Haud
2453 4123 2531 4156 se·

1469 4198 1559 4232 cns
1577 4183 1857 4234 adstrictus
1881 4184 2167 4234 certamine
2201 4184 2434 4247 tangitur
2456 4183 2531 4236 ie-

1469 4266 1524 4309 tu
1541 4260 1784 4322 Spiritus,
1797 4260 2165 4323 involvensque
2187 4273 2277 4308 suo
2291 4259 2387 4308 sibi
2406 4272 2533 4322 pou-

1471 4335 1598 4385 dere
1633 4335 1768 4386 vires
1812 4335 1990 4385 Densa
2026 4348 2121 4399 per
2159 4334 2403 4384 ardentes
2444 4332 2533 4392 ex·
