3200 4959
564 429 631 480 Τ.
682 427 1035 478 Lucnss'ru
1084 428 1263 478 CAR!
1314 429 1414 477 ΒΕ
1459 427 1724 480 RERUM
1773 429 1947 478 NA'r.
1998 431 2142 478 mn.
2191 431 2259 479 V.

340 570 567 622 omnium
590 570 853 620 hominum
874 569 1153 618 maximum
1178 584 1321 619 nsum
1348 571 1401 619 in

343 646 631 710 astrologia
672 645 943 694 Chaldaeos
993 643 1202 704 hahere,
1243 645 1401 709 pluri·

338 737 583 788 mumque
606 721 765 772 studii
800 729 959 784 atque
991 733 1163 782 operae
1196 721 1247 768 in
1270 721 1401 772 hanc

342 800 695 864 cognitionem
719 796 1041 848 contulisse.’
1076 805 1133 846 et
1166 798 1242 846 M.
1264 798 1403 846 Tull.

343 882 391 927 1.
413 878 481 926 de
510 876 689 926 Divin.
718 875 735 904 ‘
760 873 993 924 Chaldaei
1026 872 1081 920 in
1110 872 1259 936 Syria
1282 887 1402 936 cog—

340 952 561 1002 nitione·
583 959 858 1010 astrorum,
889 949 1224 1012 sollertiaque
1262 949 1403 1012 inge·

341 1029 543 1078 niorum
570 1022 1017 1076 antecelluerunt!
1084 1023 1400 1088 Babylonios

342 1118 549 1168 quoque
568 1105 845 1153 multorum
876 1115 1125 1151 annornm
1160 1103 1402 1152 observa·

346 1183 517 1232 tiones
554 1180 781 1230 siderum
819 1179 1095 1229 coctilibus
1131 1178 1399 1230 laterculis

330 1259 631 1321 ·inscriptas
646 1255 891 1305 hahuisse
909 1253 1074 1318 refert
1092 1255 1231 1304 Plio.
1248 1258 1297 1304 7.
1318 1257 1400 1304 66.

345 1334 542 1394 Zoilus,
575 1332 730 1382 homo
763 1331 996 1380 acumine
1042 1330 1237 1395 ingenii
1272 1344 1401 1392 prae-

345 1416 488 1460 stans
512 1408 734 1468 scilicet,
756 1406 1031 1471 legendum
1056 1414 1236 1457 censet
1261 1407 1403 1455 Chol-

342 1487 516 1544 θῶκοι,
532 1499 627 1549 pro
646 1483 993 1545 chaucorum,
1009 1497 1134 1544 non,
1151 1488 1211 1532 ut
1226 1495 1401 1531 omues

342 1561 541 1610 habent
573 1559 715 1622 libri,
751 1558 1043 1608 Chaldoeam.
1081 1558 1230 1623 qnasi
1276 1571 1397 1607 vero

345 1639 362 1666 ‘
382 1634 696 1687 Chaldaeum·
726 1648 827 1684 non
863 1635 931 1682 sit
954 1635 1147 1683 usitate
1171 1633 1396 1696 positum

344 1728 441 1777 pro
461 1712 823 1763 Chaldaicam:
850 1709 1277 1774 quemadmodum
1292 1709 1401 1758 Ho-

346 1797 445 1841 rat.
472 1791 625 1853 dixit,
661 1790 676 1818 ‘
698 1789 902 1838 Mauris
936 1785 1162 1850 jaculis‚’
1192 1787 1208 1814 ‘
1229 1785 1399 1849 Sulpi-

345 1867 431 1918 tiis
451 1865 690 1930 horreis,’
712 1873 765 1914 et
780 1855 934 1914 simil.
956 1864 1126 1912 lamb.
1160 1862 1400 1913 Gifenius

349 1943 662 1998 cualdoeamg
694 1939 854 2003 idque
888 1939 990 1987 sibl
1016 1938 1209 1987 rectius
1231 1937 1402 1986 videri

344 2017 421 2068 ait
455 2032 628 2082 quam·
655 2017 944 2078 chaldam,
984 2020 1043 2064 ut
1079 2015 1135 2063 in
1172 2013 1402 2062 editione

344 2093 589 2142 Lambini
607 2091 817 2154 legitur.
868 2088 993 2150 Sed,
1014 2103 1105 2137 seu
1133 2087 1403 2137 Chaldaeam

344 2169 617 2218 doctrinam
634 2167 985 2226 astrologorum,
1001 2164 1169 2226 dicas,
1190 2178 1281 2212 seu
1297 2166 1404 2213 doc·

344 2245 523 2294 trinam
538 2244 875 2304 astrologorum
897 2242 1245 2300 Chaldaeorum,
1266 2241 1403 2290 idem

348 2321 505 2382 plane
528 2318 649 2369 erit.
715 2317 903 2381 ltaque
930 2317 1051 2380 jure
1086 2331 1117 2365 a
1149 2315 1404 2365 Lambino

348 2396 400 2444 in
424 2395 585 2444 tertie
618 2392 851 2442 Lucretii
884 2391 1111 2441 editione
1130 2392 1404 2455 reprehen-

350 2483 433 2519 sus
479 2477 567 2520 est
610 2468 873 2520 Gifanius.
950 2467 1147 2518 Verum
1185 2471 1404 2531 uterque

350 2544 565 2596 erravit.
629 2543 747 2593 Hoc
784 2543 919 2593 enim
962 2542 1078 2593 loco
1114 2541 1271 2606 poeta
1293 2556 1405 2591 uos-

351 2630 433 2672 ter
466 2634 565 2684 per
605 2620 621 2647 ‘
641 2620 1011 2682 Babylonicum
1044 2618 1404 2668 Chaldaeorum

348 2695 535 2745 artem'
560 2694 800 2758 intelligit
827 2693 1097 2743 Chaldaeos
1112 2693 1201 2758 qui
1224 2694 1407 2743 Berosi

347 2773 680 2836 hypothesim
701 2772 1052 2836 sequebantur
1065 2777 1246 2820 eontra
1266 2769 1404 2819 ‘vul-

353 2862 530 2911 garem
550 2847 915 2912 astrologiam!
979 2847 1117 2898 Quid
1155 2846 1223 2895 sit
1247 2845 1405 2895 docet

350 2925 665 2974 Plutarchus
684 2928 733 2975 2.
762 2922 832 2972 de
865 2924 947 2972 Pl.
974 2922 1109 2972 Phil.
1134 2924 1296 2972 Lunae
1312 2923 1403 2972 de·

348 2998 551 3050 fectum
578 2999 690 3049 fieri
724 2997 849 3048 κατὰ
880 2998 969 3056 τὴν
999 2997 1113 3062 πρὸς
1145 2997 1269 3058 ἡμᾶς
1310 2998 1406 3046 ἑπι-

352 3075 562 3139 στροφὴν
578 3076 667 3123 τοῦ
686 3073 926 3138 &rufio-ov
944 3072 1125 3138 μέρους,
1144 3074 1179 3124 i.
1200 3088 1249 3123 e.
1264 3072 1404 3122 ‘dum

346 3152 497 3202 nobis
520 3152 751 3201 obvertit
782 3165 897 3200 eam
931 3152 1011 3200 sui
1045 3156 1265 3214 partem,
1286 3164 1405 3214 quae

345 3227 514 3291 ignita
554 3242 659 3276 non
691 3227 805 3277 est?
870 3226 973 3274 Sed
1006 3228 1021 3254 ⁴
1042 3224 1287 3276 chaldaei·
1308 3226 1406 3274 hoc

349 3303 463 3352 loco
502 3308 666 3351 secte
709 3316 893 3351 nomen
934 3307 1034 3365 est,
1064 3314 1165 3351 nou
1200 3301 1403 3364 gentis:

354 3378 496 3441 qnod
536 3393 605 3427 ex
648 3378 917 3426 Herodoto
976 3377 1187 3441 probari
1222 3376 1403 3439 possit.

351 3453 511 3502 Hune
547 3455 719 3502 locum
754 3453 991 3502 Lucretii
1023 3464 1124 3501 non
1147 3451 1406 3501 intellexit

353 3528 707 3578 Casaubonns.
772 3528 906 3577 Vide
945 3527 1114 3577 Notos
1152 3528 1293 3577 illius
1339 3527 1407 3577 ad

354 3603 655 3666 proemium·
675 3601 947 3666 Diogenis.
967 3603 1142 3652 Faber.
1176 3602 1287 3650 Per
1312 3602 1409 3650 Ba-

355 3679 649 3742 bylonicum
673 3677 968 3728 Chaldaeum
1001 3677 1294 3726 doctrinam
1333 3677 1407 3724 in-

356 3754 548 3816 telligit
580 3754 851 3803 Chaldaeos
894 3754 979 3818 qui
1020 3753 1203 3802 Berosi
1249 3752 1408 3816 hypo-

355 3829 527 3878 thesin
553 3834 738 3878 contra
758 3829 1023 3892 vulgarem
1058 3827 1409 3890 Astrologiam

354 3904 662 3953 tuebantur.
725 3904 742 3931 ‘
760 3902 1005 3952 chaldaei’
1026 3901 1163 3952 enim
1178 3902 1274 3950 hoc
1295 3902 1410 3949 loco

353 3987 515 4030 sectae
550 3992 741 4027 nomen
777 3985 878 4039 est,
908 3992 1009 4026 non
1043 3977 1242 4039 gentis:
1289 3974 1413 4039 παρὰ

356 4054 407 4104 δὲ
448 4053 782 4116 Βαβυλωνίοις,
810 4053 843 4110 ἡ
866 4052 1129 4116 Ἀσσυρίοις
1167 4049 1413 4114 Χαλδαῖοι,

356 4129 733 4193 Γνμνοσοφισταὶ
762 4130 887 4192 παρὰ
914 4129 1108 4178 Ἰνδοῖς.
1156 4126 1411 4176 Laertius.

354 4208 503 4258 Idem
529 4209 716 4257 Cicero
754 4206 812 4256 in
846 4211 895 4256 2.
935 4206 1003 4254 de
1040 4205 1160 4254 Div.
1218 4201 1411 4252 Creeeh.

356 4283 464 4332 Per
492 4285 508 4312 ‘
528 4281 824 4334 Chaldaeos’
855 4283 1032 4350 itaque
1057 4282 1314 4331 Berosum
1334 4279 1410 4328 iu-

2360 415 2532 482 1535

1480 571 1676 636 tellige‚
1709 573 1726 600 ‘
1743 574 1833 637 qui
1856 586 1886 621 a
1909 571 2272 623 Chaldaeorum
2295 572 2530 636 civitate,

1477 647 1587 696 sive
1611 649 1820 698 natione
1847 663 2146 713 progressus
2168 649 2220 697 in
2241 648 2436 711 Asiam,
2457 650 2532 700 ibi

1476 725 1800 789 disciplinam
1815 727 2146 777 Chaldaicam
2166 725 2454 791 patefecit,'
2471 736 2528 779 ut

1478 799 1554 849 ait
1566 801 1954 852 Vitruvius.Vir
1965 803 2150 852 doctus
2167 803 2534 868 quidem,(Be-

1478 877 1786 942 verlandus)
1805 879 1858 927 in
1891 893 2057 942 marg.
2080 878 2196 928 cod.
2231 879 2414 928 nostri.
2437 879 2531 928 Vi·

1476 957 1615 1003 truv.
1628 957 1678 1002 9.
1690 959 1738 1003 4.
1751 955 1767 981 ‘
1778 956 2016 1019 Berosus,
2027 955 2113 1019 qui
2127 969 2157 1004 a
2169 954 2534 1004 Chaldaeorum

1477 1032 1692 1081 civitate
1732 1035 1841 1082 sive
1877 1033 2084 1082 natione
2128 1046 2436 1096 progressus
2457 1033 2532 1082 ·iu

1476 1107 1603 1156 Asia
1624 1109 1780 1158 etiam
1818 1110 2136 1173 disciplinam
2163 1107 2435 1171 patefecit,
2457 1109 2534 1159 ita

1476 1190 1559 1232 est
1581 1183 1868 1247 professus,
1891 1185 2048 1248 pilam
2071 1197 2186 1232 esse
2219 1197 2283 1232 ex
2315 1183 2533 1233 dimidia

1477 1267 1628 1321 parte
1651 1259 1978 1322 candentem,
1997 1259 2198 1323 reliqna
2216 1257 2406 1308 hahere
2429 1273 2533 1309 cae·

1476 1335 1621 1384 ruleo
1637 1337 1827 1386 colore.
1868 1336 1998 1386 Cum
2023 1343 2193 1384 autem
2218 1349 2423 1383 cursum
2449 1335 2534 1384 iti·

1476 1411 1616 1458 neris
1637 1411 1714 1458 sui
1736 1425 1959 1475 pergens
1982 1409 2183 1459 subiret
2197 1409 2372 1458 orbem
2391 1411 2534 1472 solis,

1478 1491 1606 1534 tunc
1646 1499 1760 1536 eum
1807 1485 1967 1535 radiis
2011 1493 2069 1536 et
2106 1486 2305 1549 impetu
2342 1485 2529 1536 calonis

1477 1562 1671 1625 corripi
1690 1563 2025 1628 convertique
2043 1561 2536 1628 candentem,prop·

1477 1641 1560 1686 ter
1596 1637 1710 1700 ejus
1747 1639 2094 1701 proprietates
2117 1637 2324 1686 luminis
2356 1637 2423 1686 ad
2456 1638 2536 1688 lu·

1475 1729 1613 1765 men.
1655 1715 1785 1766 Cum
1805 1722 1976 1766 autem
1997 1731 2058 1766 es
2077 1722 2298 1766 evocata
2319 1715 2384 1764 ad
2407 1717 2530 1766 solis

1476 1789 1632 1839 orbes
1667 1791 1931 1855 superiora
1962 1797 2185 1856 spectet,
2211 1797 2336 1840 tunc
2356 1790 2533 1840 iuferi-

1476 1880 1617 1914 orem
1642 1873 1845 1930 partem
1869 1867 1998 1930 ejus,
2019 1864 2156 1929 quod
2180 1864 2405 1915 condens
2427 1879 2532 1915 non

1475 1940 1562 2003 sit,
1584 1947 1802 2003 propter
1839 1940 1974 1989 aiii-is
2016 1939 2404 1989 similitudinem
2439 1937 2533 1988 ob-

1478 2031 1678 2066 scuram
1733 2015 1935 2078 videri,’
1977 2018 2077 2065 διε.
2167 2015 2302 2066 Qute
2339 2012 2532 2063 ibidem

1477 2091 1591 2141 fuse
1628 2095 1931 2154 sequuntur.
1994 2091 2077 2138 De
2108 2087 2382 2139 contrariis
2403 2100 2528 2136 vero

1478 2167 1581 2216 illis
1603 2167 1759 2216 sectis
1793 2173 1850 2216 et
1881 2166 1980 2215 hoc
2019 2165 2133 2230 ipso
2159 2163 2385 2214 Lucretii
2413 2164 2532 2213 loco

1480 2241 1599 2291 vide
1627 2242 1868 2292 Isaacum
1906 2239 2129 2291 Casaub.
2154 2239 2220 2290 ad
2245 2237 2532 2302 proemium

1477 2318 1728 2381 Diogenis
1747 2317 1959 2368 Laertii.
1997 2317 2135 2368 Hae.

1508 2421 1515 2431 -
1541 2397 1641 2442 728
1675 2393 1882 2443 Proinde
1901 2392 2054 2457 quasi,
2074 2392 2184 2455 θα]
2208 2391 2288 2440 En
2309 2389 2452 2452 vide,
2473 2397 2533 2440 ut

1478 2469 1735 2532 Epicurus
1771 2467 2064 2532 probabilia
2099 2473 2350 2532 sequatur
2378 2464 2432 2514 in
2452 2465 2532 2515 liis

1480 2557 1596 2607 quae
1633 2557 1790 2606 supra
1834 2549 2023 2592 terram
2062 2543 2361 2606 gignuntur,
2407 2541 2534 2589 nihil

1479 2633 1634 2743 Eum
1649 2619 1860 2683 egregie
1875 2626 2069 2683 proeter
2081 2625 2280 2668 caetera
2293 2615 2533 2666 affirmet.

1556 2695 1648 2743 mb.

1472 2799 1485 2808 -
1540 2767 1772 2832 Uterque]
1792 2769 1861 2817 Et
1876 2767 2108 2817 Chaldaei
2127 2781 2218 2816 seu
2237 2766 2539 2830 Babylonii,

1479 2851 1537 2894 et
1558 2844 1753 2894 01·ωοί.
1790 2843 1964 2893 Faber.

1543 2923 1643 2969 ⁷³0
1676 2920 1895 2982 Denique
1914 2933 2000 2967 cur
2015 2923 2228 2982 nouat,
2245 2916 2356 2980 ξω]
2378 2916 2536 2968 Quod

1478 2995 1607 3046 item
1645 2995 1712 3045 de
1745 2998 1854 3046 sole
1893 2995 2123 3045 nonnulli
2155 2995 2538 3056 existimarunt,

1479 3079 1539 3120 nt
1562 3086 1718 3134 supra
1740 3071 1937 3120 dictum
1962 3078 2058 3119 est.
2089 3069 2256 3118 Lemo.

1543 3151 1642 3196 732
1677 3147 1826 3209 Inque
1867 3146 1970 3194 dies
2003 3141 2187 3207 privos]
2220 3141 2292 3190 Et
2328 3142 2381 3190 iu
2421 3141 2534 3190 dies

1480 3223 1726 3287 singulos.
1761 3223 1836 3270 sic
1862 3220 1978 3270 eod.
1993 3219 2085 3267 lib.
2109 3232 2222 3279 sup.
2242 3219 2359 3264 275.
2421 3217 2536 3265 ‘In-

1480 3297 1879 3347 numerabiliter
1899 3295 2072 3359 prives
2105 3298 2339 3342 mutatur
2370 3289 2424 3340 in
2447 3289 2537 3339 ho·

1480 3372 1602 3423 ras!
1633 3371 1801 3421 Lamo.
2125 3387 2130 3392 ·
2281 3405 2286 3408 -
2533 3401 2540 3408 ·

1544 3446 1842 3509 Abocescere]
1874 3444 2003 3493 Cum
2027 3444 2080 3492 iu
2115 3441 2259 3492 libris
2281 3455 2540 3494 manuscr:

1482 3525 1802 3588 reperissem.
1815 3521 2064 3585 scriptum
2085 3519 2396 3581 aboriscique,
2430 3534 2540 3567 sus-

1481 3599 1686 3662 picatus
1709 3611 1820 3646 sum
1860 3611 1950 3645 eos
1982 3593 2136 3644 fuisse
2173 3593 2446 3658 corruptos
2468 3595 2536 3644 ab

1480 3674 1543 3722 iis
1565 3675 1653 3739 qui
1675 3687 1741 3721 ex
1763 3672 2033 3733 abolescere,
2049 3668 2230 3720 oboriri
2250 3667 2500 3720 fecissent
2520 3686 2534 3719 ε

1481 3747 1620 3812 quod
1675 3745 1978 3796 tantundem
2024 3743 2140 3792 fere
2176 3745 2330 3794 valet.
2364 3744 2542 3796 oboriri

1482 3822 1692 3887 quidem
1715 3823 2023 3886 impressum
2041 3825 2122 3869 est
2153 3820 2206 3868 in
2239 3820 2410 3870 codic.
2429 3822 2538 3870 Ve-

1484 3901 1622 3950 netis
1657 3900 1886 3964 antiquis
1909 3905 1964 3947 et
1993 3897 2374 3947 Parisieusibus
2399 3914 2413 3946 =
2451 3912 2536 3947 eo·

1482 3988 1584 4040 que
1607 3974 1766 4024 verbo
1787 3989 1911 4022 usus
1931 3979 2014 4022 est
2033 3973 2188 4025 etiam
2210 3977 2261 4021 8.
2298 3977 2410 4022 156.
2447 3973 2464 3999 ‘
2481 3979 2540 4022 et

1484 4048 1702 4112 infringi
1732 4050 1977 4113 linguam,
2009 4060 2292 4111 vocemque
2314 4045 2541 4096 aboriri?

1486 4125 1623 4190 qnod
1647 4127 1690 4173 si
1723 4125 1838 4190 quis
1865 4124 2044 4178 malet,
2082 4136 2184 4170 non
2222 4120 2541 4184 improbabo.

1484 4203 1499 4228 ⁶
1512 4198 2014 4250 abolescere’autem
2037 4198 2184 4246 valet·
2198 4195 2500 4246 decrescere
2518 4213 2533 4244 ε

1488 4275 1624 4342 quod
1666 4275 1785 4327 huic
1831 4274 1950 4325 loco
1996 4272 2224 4324 maxime
2277 4269 2536 4322 convenit.
