3200 4959
586 408 761 474 1504
1293 414 1508 470 ΝΟΜ
1555 411 1956 468 'vasionen
2007 411 2087 480 ιη

583 563 841 626 incendia,
874 561 1029 612 modo
1070 560 1335 611 eluviones
1380 567 1647 624 superent,

586 639 764 704 quidni
790 637 1001 687 tandem
1020 641 1137 686 c‘um
1165 638 1323 685 totius
1346 636 1524 685 mundi
1544 636 1648 684 rui-

593 727 658 761 na
668 713 781 761 haec
801 712 1473 761 concertatioterminetnr?
1495 710 1650 764 Quod

588 803 714 837 vero
744 803 931 850 magna
953 787 1195 837 incendia
1222 794 1279 837 et
1301 787 1495 837 diluvia
1528 802 1653 840 con-

589 863 821 925 tigerint,
836 864 902 912 de
916 862 1243 912 Phaethonte
1262 869 1317 912 et
1333 863 1651 916 Deucalione

589 938 784 989 fabulae
806 938 1185 1001 demonstrant,
1198 953 1315 987 nam
1331 937 1461 1000 Igne
1482 945 1651 986 vasta·

590 1021 663 1077 ta,
695 1022 753 1064 et
788 1015 934 1078 aquis
972 1015 1161 1064 obrute
1192 1021 1305 1063 erat
1346 1020 1505 1074 terra,
1527 1013 1663 1062 licet

592 1089 767 1154 poetae
820 1091 998 1152 inepte
1041 1088 1305 1139 finxerunt
1355 1089 1654 1138 incendium

592 1167 734 1220 istud
776 1173 834 1215 et
876 1166 1125 1216 dilnvium
1173 1165 1477 1214 interventu
1517 1165 1655 1213 Deo-

594 1255 709 1292 rum
732 1241 988 1305 erupisse,
1010 1248 1066 1292 et
1088 1255 1331 1291 cessasse.
1402 1240 1595 1288 Creech.

618 1349 626 1354 -
662 1319 783 1366 Cum
820 1311 1033 1366 omnim
1066 1317 1233 1365 mundi
1266 1317 1486 1376 Pinguem
1516 1329 1658 1364 mem·

596 1392 697 1456 bro,
720 1393 799 1455 pio
821 1406 1108 1455 nequaquam
1126 1391 1311 1440 concite
1336 1391 1475 1453 bello]
1528 1390 1660 1438 Cum

596 1469 835 1518 maxima
868 1468 1042 1516 miindi
1079 1475 1257 1530 partes
1289 1467 1427 1516 inter
1450 1481 1506 1515 se
1530 1480 1659 1530 pug-

597 1549 745 1604 nent,
784 1543 943 1606 impio
988 1544 1124 1592 bello
1169 1542 1463 1602 concitatae,
1504 1543 1664 1606 quale

597 1624 679 1665 est
700 1618 891 1665 bellum
912 1617 1065 1666 civile
1089 1624 1143 1666 et
1165 1617 1488 1666 intestinum.
1526 1616 1665 1665 Haec

599 1701 682 1741 est
712 1691 804 1739 illa
836 1690 1059 1741 fortasse
1100 1705 1291 1755 pugna,
1324 1707 1478 1756 quam
1511 1691 1664 1740 fluxit

598 1768 753 1818 Hom.
810 1766 899 1817 Ἰλ.
920 1785 966 1817 υ.
998 1769 1087 1832 qui
1120 1769 1421 1818 inscribitur
1445 1771 1558 1817 θεῶν
1574 1765 1663 1828 μά-

600 1858 687 1904 χη,
726 1843 865 1892 inter
904 1842 1199 1907 Apollinem
1232 1851 1289 1893 et
1325 1845 1661 1908 Neptunum:

602 1933 697 1982 per
718 1919 733 1947 ‘
751 1918 1049 1982 Apollinem
1067 1919 1083 1942 '
1116 1921 1253 1968 enim
1292 1922 1369 1970 sol
1408 1919 1666 1983 siguifica-

601 2002 722 2054 tur;
761 1997 884 2056 per‘
908 1996 1208 2058 Neptunum
1225 1995 1241 2018 '
1258 2009 1421 2060 mare,
1436 2000 1493 2046 et
1510 2011 1665 2060 aqua-

602 2081 713 2118 rum
752 2079 952 2122 natura.
1024 2071 1093 2120 Hi
1131 2072 1291 2135 igitur
1327 2079 1666 2137 posteaquam

602 2147 726 2193 satis
750 2146 835 2193 diu
858 2145 995 2194 int-er
1017 2159 1073 2194 se
1097 2147 1452 2210 decertarunt,
1473 2149 1668 2198 cedunt

604 2221 671 2268 od
693 2231 985 2270 extremum
1009 2225 1148 2272 inter
1168 2237 1247 2284 se,
1267 2224 1385 2288 qnia
1416 2232 1665 2286 parerat,

606 2302 661 2345 et
684 2296 739 2344 id
764 2297 901 2359 quod
934 2299 1001 2346 ab
1034 2299 1199 2346 altero
1236 2300 1409 2360 alitur,
1430 2314 1547 2348 cum
1571 2314 1665 2348 suo

606 2372 801 2436 pabulo
833 2387 935 2421 non
972 2373 1167 2422 diutius
1202 2388 1468 2437 pugnare:
1502 2383 1556 2424 et
1590 2377 1664 2424 al-

607 2450 769 2497 terius
790 2449 1051 2513 pabulum,
1074 2450 1137 2498 ab
1162 2463 1223 2498 eo
1248 2451 1395 2513 cujus
1420 2451 1666 2514 pabulum

606 2531 707 2585 est,
738 2538 839 2572 non
882 2524 1136 2586 superari,
1158 2537 1323 2588 neque
1358 2526 1424 2574 ad
1456 2527 1666 2576 nihilum

606 2597 791 2660 redigi.
860 2599 1014 2648 Quod
1038 2598 1293 2661 significat
1320 2601 1579 2650 Homerus
1603 2615 1666 2650 eo

609 2688 761 2738 quern
797 2675 904 2723 dixi
944 2674 1091 2724 libro.
1157 2674 1345 2737 Apollo
1380 2676 1536 2738 enim,
1572 2691 1668 2739 per

609 2764 763 2812 quem
796 2751 873 2800 sol
898 2758 955 2800 et
990 2751 1143 2800 ardor
1172 2751 1514 2814 significatur,
1539 2767 1670 2816 pug-

607 2841 735 2874 nans
760 2841 873 2876 cum
898 2828 1169 2890 Neptuno,
1186 2841 1281 2890 per
1314 2841 1465 2892 quem
1487 2829 1670 2877 humor

606 2909 667 2951 et
686 2915 847 2964 mare,
871 2903 993 2952 sinit
1024 2903 1088 2950 ad
1122 2912 1415 2954 extremum
1434 2917 1489 2954 se
1512 2905 1669 2954 vinci.

610 2977 747 3027 Nam
769 2979 812 3026 si
832 2979 907 3027 sol
927 2991 1129 3028 omnem
1154 2981 1413 3029 humorem
1435 2981 1672 3030 ebiberet

612 3062 771 3120 atque
814 3055 1129 3118 exhauriret,
1167 3056 1251 3104 hic
1294 3057 1672 3119 pulcherrimus

608 3129 787 3179 mundi
825 3135 1037 3180 ornatus
1082 3131 1268 3180 ardore
1307 3129 1669 3194 conflagraret.

610 3205 831 3256 Lambin.

674 3286 771 3330 382
806 3281 1049 3345 Membra]
1083 3284 1381 3346 Elementa,
1402 3287 1500 3333 ὅτε.
1519 3283 1639 3333 Ραῠ.

676 3362 773 3406 384
800 3359 877 3408 Et
905 3358 1084 3421 Vapor]
1117 3361 1187 3408 Et
1220 3361 1375 3409 calor.
1438 3358 1606 3408 Lumb.

675 3435 771 3480 385
808 3432 1200 3495 Omnibusepotis
1216 3433 1507 3494 humorum]
1545 3433 1673 3482 Om-

610 3506 763 3555 nibus
778 3507 1038 3556 exhaustis
1052 3508 1367 3557 humoribus.
1399 3507 1534 3570 quod
1554 3521 1674 3556 cum

610 3579 723 3643 fiet,
742 3590 805 3630 ut
821 3596 911 3631 nos
935 3583 1219 3631 Christiani
1242 3580 1469 3631 futurum
1504 3581 1672 3630 credi·

613 3671 744 3718 mus,
766 3663 877 3706 tum
898 3671 999 3705 non
1035 3659 1197 3704 solum
1234 3665 1373 3722 totns
1408 3656 1545 3706 orbis
1566 3664 1670 3706 ter·

614 3745 803 3790 rarum,
822 3729 911 3778 sed
934 3729 1089 3778 etiam
1114 3731 1328 3780 mundus
1360 3731 1444 3780 hic
1467 3731 1674 3782 univer-

612 3819 715 3865 ωε,
766 3803 985 3854 flammis
1038 3813 1353 3870 consumtus,
1414 3807 1666 3858 interibit.

612 3880 782 3930 Lamb.

616 3955 1053 4080 ΜΕἶειῳενανίηί]
1102 3957 1407 4024 Superiores
1460 3957 1670 4009 fuerint.

690 4047 735 4079 m
767 4068 780 4081 .

632 4129 645 4135 -
678 4110 774 4155 886
811 4109 1017 4172 Comata]
1052 4109 1137 4159 Sic
1162 4108 1352 4160 Accius
1390 4110 1527 4174 apud
1563 4111 1671 4160 No·

614 4180 785 4231 nium:
838 4184 854 4211 ‘
884 4185 994 4245 Ego
1038 4185 1246 4248 incipio.
1294 4194 1483 4236 conata
1524 4201 1671 4235 exse-

618 4255 781 4321 quar?
816 4263 871 4307 et
900 4259 1103 4308 Comei.
1150 4261 1329 4324 Nepos
1362 4263 1415 4311 in
1459 4262 1670 4312 Dione:

1722 560 1739 588 ‘
1761 560 1986 621 verens,
2021 574 2090 609 ue
2128 558 2271 622 prius
2305 556 2596 608 consitium·
2615 557 2788 622 aperi·

1723 643 1869 684 retur
1883 651 2050 696 suurn,
2065 649 2218 699 quam
2233 642 2422 684 conata
2435 633 2792 698 perfecisset!

1789 790 1884 836 387
1923 787 2126 836 Tantum
2137 785 2462 848 suppeditant]
2482 786 2586 834 Vel
2603 785 2792 848 accipe

1727 861 2044 924 ἑηρητικῶς,
2090 868 2295 909 tantum
2335 860 2564 910 humoris
2599 873 2794 925 suppe-

1729 939 1897 986 ditant
1915 952 1930 986 =
1968 937 2048 985 wel
2063 936 2316 998 absolute,
2333 949 2499 1000 usque
2515 935 2649 984 adeo
2667 950 2790 998 sup?

1729 1018 1938 1076 petunt,
1957 1013 2162 1075 ἀρκοῦσι.
2229 1011 2402 1060 Iam&

1793 1080 1890 1136 388
1942 1085 2218 1150 Βίὶαυίιητ]
2273 1085 2488 1135 Diluvio
2519 1084 2795 1136 ‚obruere-

1729 1163 1896 1215 Lumb-

1795 1245 1892 1290 893
1927 1239 2200 1303 Spin-untes]
2233 1236 2480 1288 Πνέοντεε.
2498 1238 2794 1287 M.Tuilins

1730 1317 1821 1366 lib.
1845 1321 1894 1366 ³.
1915 1316 1983 1365 ad
2016 1317 2268 1368 Quintum
2303 1314 2653 1376 fratrem,‘1n
2689 1314 2794 1376 pri-

1733 1393 1932 1458 misque
1944 1393 2064 1455 Ἄρη
2077 1389 2226 1440 πνέων
2243 1391 2310 1443 Q.
2324 1390 2604 1440 Scaevula.’
2627 1390 2798 1438 Iamb-

1797 1471 1896 1518 894
1932 1466 2157 1529 Cernere]
2211 1467 2538 1528 Decet-nere,
2575 1473 2630 1514 et
2674 1478 2798 1514 con·

1735 1546 2044 1596 trever-siam
2082 1544 2392 1607 dijudicare,
2429 1556 2488 1590 sc
2515 1539 2693 1592 finire.
2721 1540 2800 1589 sic

1736 1621 2029 1670 Pacuviusz
2071 1620 2087 1647 ‘
2113 1620 2187 1668 Et
2229 1631 2456 1681 mquam,
2496 1621 2554 1664 et
2591 1621 2799 1666 rectum

1737 1702 1840 1759 est,
1881 1695 2020 1760 quod
2063 1695 2312 1758 postulas,
2338 1691 2508 1756 jurati
2545 1689 2802 1742 cernant.’

1739 1773 1814 1821 sic
1845 1771 2088 1830 dicimus,
2105 1771 2266 1818 vitam
2300 1781 2536 1816 cernere.
2599 1766 2800 1814 Ennius

1739 1863 1792 1912 p.
1813 1851 1898 1898 61.
1965 1847 1982 1874 ‘
2005 1847 2185 1907 Ferro,
2203 1857 2308 1892 non
2341 1855 2486 1904 auro,
2505 1841 2661 1890 vit-am
2685 1853 2804 1890 eer-

1739 1939 1920 1974 namus
1939 1922 2184 1986 utrique?
2241 1921 2387 1971 Idem
2412 1937 2462 1985 p.
2485 1925 2599 1970 204.
2653 1922 2669 1949 ‘
2694 1921 2801 1968 Ter

1739 2001 1835 2050 sub
1901 1999 2054 2048 armis
2117 1999 2294 2047 malim
2347 1999 2511 2046 vitam
2564 2009 2802 2047 cernere.

1740 2089 1900 2139 quam.
1930 2073 2088 2122 semel
2127 2073 2284 2120 modo
2313 2071 2537 2135 parere.’
2600 2071 2802 2120 Iterum

1741 2151 1952 2198 Lucret.
1991 2163 2104 2210 sup.
2141 2152 2190 2197 4.
2227 2153 2341 2198 965.
2406 2148 2423 2176 ‘
2448 2148 2638 2196 Nnntae
2680 2161 2802 2195 cum

1739 2224 1908 2272 ventis
1951 2228 2280 2272 contractum
2317 2236 2531 2272 cernere
2568 2219 2804 2271 belluni!

1737 2300 1905 2350 Lumb.
1947 2335 1954 2342 .
2485 2337 2492 2346 .

1804 2379 1899 2424 395
1977 2374 2312 2437 Ευμναιίὶον]
2389 2370 2806 2437 Ἐγκρατέστερω,

1739 2449 1978 2514 κρείττων,
2003 2452 2283 2514 potentior,
2304 2451 2540 2498 validior.
2584 2449 2748 2498 Lumb.

1761 2557 1768 2560 -
1805 2531 1903 2576 396
1938 2525 2202 2590 Regnat-it]
2235 2525 2570 2588 Superarit,et
2593 2537 2662 2572 vs.
2684 2527 2804 2572 899.

1745 2604 2002 2666 Terrasque
2020 2605 2240 2665 pem-rsit,
2263 2599 2580 2649 Gassendus.
2605 2599 2802 2648 creeek.

1805 2683 1902 2729 89⁷
1915 2702 1919 2707 ·
1940 2679 2080 2739 Ignis
2100 2679 2224 2727 enim
2251 2675 2514 2738 superavit]
2547 2676 2626 2723 Ex
2644 2673 2804 2743 >fabu-

1741 2756 1804 2804 lis
1827 2755 2093 2819 poetarum
2117 2755 2216 2803 hoc
2239 2753 2388 2813 dicit,
2409 2751 2494 2799 οὐκ
2515 2750 2598 2813 ἀφ’
2617 2751 2804 2799 ἑαυτοῦ.

1743 2830 1881 2894 qnod
1905 2830 2135 2879 ostendit
2157 2830 2244 2877 ille
2263 2839 2458 2890 versus,
2475 2827 2490 2855 ‘
2505 2827 2725 2876 Scilicet
2745 2833 2808 2875 ut

1742 2909 1946 2953 veteres
1971 2905 2184 2954 Graium
2208 2903 2446 2952 cecinere
2463 2901 2673 2966 poetas!
2705 2902 2810 2952 Fa-

1743 2978 1842 3028 ber.

1807 3053 2036 3115 Anubem]
2072 3052 2416 3117 Participium
2439 3059 2521 3103 est
2536 3052 2621 3100 vel
2639 3065 2669 3100 a
2686 3065 2810 3100 ver-

1743 3127 1812 3176 bo
1835 3127 2080 3188 ambedo,
2101 3128 2186 3176 vel
2208 3144 2239 3177 u
2259 3127 2422 3176 verbo
2443 3127 2632 3191 ambio,
2653 3135 2716 3177 ut
2737 3129 2810 3176 sit

1745 3203 1971 3265 positum
1995 3203 2208 3252 ambens
2225 3215 2322 3266 pro
2343 3202 2593 3254 ambiens.
2635 3203 2809 3253 Lamb.

1746 3280 1966 3330 Quidam
1989 3280 2131 3342 libri,
2172 3281 2396 3330 ambiens.
2431 3279 2608 3330 Gifan.
2676 3280 2726 3330 1.
2755 3295 2808 3328 e.

1745 3354 2045 3406 Ambedens
2069 3357 2135 3405 ab
2176 3356 2394 3405 anibedo
2419 3373 2432 3406 z
2470 3358 2546 3406 sic
2567 3356 2806 3406 ambesse

1746 3445 1842 3494 pro
1865 3431 2171 3481 ambedere:
2194 3433 2281 3480 alii
2301 3431 2526 3480 ambiens.
2563 3433 2758 3482 crach.

1811 3511 1908 3556 898
1939 3507 2064 3556 Avia
2085 3522 2190 3556 cum
2202 3508 2527 3570 Phaethonta]
2559 3509 2704 3558 Nota
2726 3513 2810 3558 est

1746 3582 1930 3633 fabula
1948 3583 2310 3646 Phaethontis,
2329 3589 2387 3632 et
2400 3597 2512 3633 eam
2535 3584 2805 3647 persequi-

1747 3665 1832 3708 tur
1871 3659 2031 3708 ovid.
2069 3659 2204 3707 Met.
2228 3659 2318 3708 lib.
2341 3663 2392 3708 2.
2423 3660 2589 3708 initio.
2645 3658 2808 3707 Plato

1745 3735 1798 3783 in
1821 3735 2040 3796 Timaeo,
2059 3733 2184 3798 quid
2206 3736 2316 3784 haec
2333 3734 2514 3784 fabula
2533 3732 2811 3796 significet,

1746 3809 1923 3866 docet,
1947 3817 2004 3858 nt
2027 3825 2147 3859 mox
2166 3809 2412 3859 dicemus.
2477 3809 2646 3858 lamb.

1808 3889 1907 3934 400
1922 3887 1990 3935 At
2003 3891 2142 3948 pater
2153 3885 2482 3948 Omnipotens]
2495 3883 2656 3933 ovid.
2673 3885 2810 3933 Met.

1745 3967 1794 4010 2.
1819 3967 1931 4011 3⁰4.
1997 3963 2012 3990 ‘
2037 3961 2113 4010 At
2135 3969 2285 4023 pater
2315 3963 2638 4024 omnipotens
2660 3973 2812 4023 supe-

1746 4050 1829 4084 ros
1865 4041 2084 4084 testatus
2130 4045 2184 4084 et
2218 4037 2404 4099 ipsum,
2445 4037 2550 4088 Qui
2583 4035 2810 4085 dederat

1745 4111 1960 4174 currus,’
1985 4114 2087 4161 &m
2154 4113 2300 4176 virg.
2324 4107 2446 4162 IEn.
2467 4118 2514 4162 6.
2537 4117 2654 4162 592.
2684 4111 2700 4138 ‘
2731 4109 2810 4160 At

1739 4192 1894 4250 ‚pater
1915 4189 2242 4251 omnipotens
2265 4187 2428 4237 densa
2459 4189 2598 4237 inter
2629 4186 2810 4236 nubila

1746 4262 1942 4329 &clunif
1959 4267 2056 4313 διο.
2079 4262 2243 4313 Lamb.
