3200 4959
672 402 848 470 1630

673 560 862 610 belitus
883 563 1036 610 terrm.
1059 571 1202 610 esset
1253 561 1338 626 qui
1375 561 1418 611 si
1437 562 1731 627 minutatim

673 645 730 687 et
751 637 968 700 sparsim
991 635 1367 700 diffundantur,
1401 653 1464 688 ac
1487 654 1603 689 cum
1629 641 1734 689 sint

671 712 960 775 tenuiores,
975 711 1268 776 diffientur3
1293 713 1540 774 tonitrua,
1557 721 1615 764 et
1636 712 1733 762 ful·

675 801 800 850 gnra
816 803 832 835 z
887 787 965 836 ain
1001 787 1290 850 densiores,
1327 796 1384 838 et
1426 789 1735 850 crebriores,

673 861 947 926 minusque
980 869 1162 912 tennes
1197 870 1506 927 erumpant3
1535 863 1733 928 procel-

673 938 778 986 lam
800 937 1038 1001 gignunt,
1069 953 1185 1002 quae
1211 945 1427 988 vocatur
1463 953 1494 986 a
1531 938 1735 988 Graecis

671 1013 1011 1075 ‘ecnepliiasf
1033 1021 1235 1062 ventus.
1257 1012 1454 1063 idcirco
1477 1014 1733 1065 violentus

673 1095 774 1138 est.
807 1089 1091 1151 eruptionis
1123 1088 1260 1137 enim
1299 1089 1540 1138 celeritas
1575 1088 1735 1137 robur

675 1172 730 1214 et
753 1164 856 1212 vim
878 1162 1058 1214 efficit.
1126 1164 1258 1213 Cum
1293 1179 1417 1213 vero
1449 1162 1603 1212 flatus
1625 1163 1734 1212 siue

673 1238 792 1301 igne
833 1252 1106 1302 erumpens
1143 1252 1211 1287 ex
1253 1237 1409 1299 nube,
1443 1237 1496 1286 in
1521 1237 1734 1286 alterius

673 1315 824 1364 nubis
863 1313 1042 1365 flatum
1079 1315 1379 1376 incurrerit,
1407 1313 1735 1378 quemadmo-

672 1389 796 1440 dum
816 1396 999 1438 ventus
1020 1390 1072 1438 in
1096 1389 1260 1452 portis
1291 1397 1382 1438 aut
1405 1389 1498 1437 viis
1521 1402 1588 1436 ex
1609 1387 1736 1436 laxi-

671 1471 787 1516 tate
809 1465 860 1513 in
883 1464 1152 1532 angustias
1187 1465 1452 1524 redactus,
1488 1463 1737 1526 luctatur,

671 1546 729 1589 et
769 1541 1237 1598 circumversutur3
1286 1545 1392 1588 tum
1431 1536 1493 1586 fit
1533 1544 1738 1598 vortex,

669 1615 757 1678 qui
775 1615 969 1679 typhon
986 1629 1017 1662 n
1036 1613 1240 1662 Graecis
1259 1614 1572 1676 appellatur,
1595 1627 1736 1660 max-

669 1689 778 1738 ime
799 1688 842 1737 si
863 1686 1124 1751 fragorem
1147 1686 1290 1736 edet.
1327 1701 1442 1735 nam
1482 1685 1524 1735 si
1547 1685 1733 1736 strido-

673 1777 782 1812 rem
826 1763 998 1826 potius
1035 1762 1230 1822 mittat,
1263 1776 1414 1826 quani
1459 1760 1736 1826 fragorem,

671 1834 838 1887 turbo*
858 1842 956 1886 est.
1021 1837 1174 1890 Quod
1195 1837 1239 1886 si
1260 1838 1344 1887 bic
1378 1835 1531 1886 fletus
1551 1845 1737 1901 postea

673 1915 1004 1977 exardescat,
1025 1922 1230 1980 prester
1246 1923 1346 1966 est.
1406 1916 1464 1964 Si
1487 1929 1610 1965 vero
1632 1929 1733 1965 non

657 1999 1014 2055 ‚posteaquam
1059 2004 1090 2039 e
1136 1991 1274 2040 nube
1317 1991 1508 2054 erupit,
1563 1990 1733 2053 ignem

669 2066 950 2130 concipiat,
963 2067 1056 2116 sed
1077 2081 1190 2116 cum
1210 2067 1428 2130 primum
1448 2080 1479 2114 e
1496 2065 1634 2114 nube
1646 2079 1733 2115 ex·

672 2144 934 2207 primitur,
995 2143 1190 2193 fulmen
1233 2151 1329 2206 est,
1372 2143 1510 2208 quod
1555 2143 1733 2194 Graeci

668 2218 891 2282 κεραυνὸν
925 2227 1134 2269 vocant.
1200 2220 1300 2270 Ubi
1323 2229 1496 2270 autem
1517 2234 1621 2269 non
1644 2233 1733 2284 po-

606 2325 610 2340 .
669 2303 778 2344 test
797 2292 950 2342 flatus
973 2293 1165 2343 nubem
1201 2294 1540 2358 perfringere,
1563 2310 1732 2359 neque

670 2383 738 2418 ex
759 2383 822 2418 ea
845 2382 1136 2431 erumpere,
1155 2368 1249 2416 sed
1269 2384 1383 2418 eam
1415 2370 1656 2418 deorsum
1678 2371 1730 2419 in

671 2450 885 2504 terram,
903 2449 994 2490 aut
1027 2443 1079 2492 in
1115 2457 1256 2492 mare
1279 2443 1544 2508 deprimit,
1573 2445 1653 2493 ita
1674 2453 1733 2494 nt

671 2517 910 2568 videatur
931 2517 1070 2566 unda
1092 2517 1330 2581 quaedam
1349 2517 1506 2568 densa
1529 2526 1586 2568 et
1614 2518 1731 2582 rigi·

651 2588 740 2642 ‘de
761 2592 986 2655 oblonga
995 2593 1240 2642 decidere
1262 2611 1278 2654 ;
1311 2602 1418 2644 tum
1435 2600 1520 2642 est
1539 2595 1730 2644 colum-

672 2682 756 2717 na.
841 2669 928 2717 De
966 2667 1285 2732 presteribus
1325 2668 1400 2718 sic
1453 2668 1729 2720 Laertius:

669 2744 946 2808 Πρηστ-ἣριις
973 2741 1215 2804 ἐνδέχεται
1250 2742 1475 2807 γίνεσθαι,
1497 2742 1576 2792 καὶ
1608 2742 1731 2794 κατὰ

665 2819 794 2868 θέσιν
812 2816 978 2881 νέφους
998 2817 1062 2867 εἰς
1080 2817 1191 2868 τοὺς
1211 2816 1336 2868 κάτω
1354 2818 1526 2868 τόπους
1543 2819 1730 2869 ἀλλοει-

667 2900 756 2948 δῶς
775 2896 866 2945 ὑπὸ
896 2895 1160 2956 πνεύματος
1191 2895 1357 2960 ἀθρόου
1379 2895 1623 2960 ὠσθέντος,
1646 2897 1728 2947 καὶ

667 2973 743 3023 διὰ
763 2973 850 3022 τοῦ
868 2971 1130 3032 πνεύματος
1159 2969 1426 3034 φερομένου,
1457 2969 1552 3033 ἅμα
1571 2971 1727 3022 καὶτὸ

663 3047 809 3111 νέφος
823 3047 888 3106 εἰς
901 3047 960 3096 τὸ
988 3046 1194 3107 πλησίον
1229 3047 1452 3097 ὠθοῦντος
1478 3049 1563 3096 τοῦ
1595 3047 1730 3110 ἐκτὸς

665 3121 940 3186 πνεύματος,
971 3121 1049 3171 καὶ
1085 3122 1207 3172 κατὰ
1225 3121 1503 3186 περίστασιν
1521 3121 1573 3170 δὲ
1592 3119 1728 3172 πνεύ-

663 3216 811 3260 ματος
824 3197 886 3248 εἷς
898 3195 1072 3248 κύκλον
1082 3197 1216 3262 ἀέρος
1228 3196 1354 3247 τινὸς
1371 3195 1729 3258 ἐπισυνωθουμέ-

663 3293 755 3324 νου
761 3274 949 3339 ἄνωθεν,
970 3273 1051 3323 καὶ
1069 3272 1242 3338 ῥύσεως
1255 3275 1442 3332 πολλῆς
1457 3271 1729 3334 πνευμάτων

640 3349 938 3412 ,wouh-ns,
972 3349 1052 3399 καὶ
1085 3351 1138 3398 οὔ
1150 3349 1402 3411 δυναμένης
1416 3350 1464 3399 ἐς
1473 3349 1539 3399 τὰ
1549 3347 1730 3411 πλάγια

665 3428 922 3496 διαρρυῆναι
937 3427 1012 3476 διὰ
1027 3425 1116 3485 τὴν
1129 3425 1256 3491 πέριξ
1266 3429 1354 3476 τοῦ
1367 3425 1500 3491 ἀέρος
1515 3425 1727 3485 πίλησιν.

663 3501 744 3551 καὶ
757 3500 846 3552 ἕως
855 3500 945 3564 μὲν
959 3503 1051 3563 γῆς
1061 3503 1147 3550 τοῦ
1161 3505 1426 3565 πρηστῆρος
1441 3501 1728 3565 καθιεμένου,

662 3578 912 3642 στρόβιλοι
931 3578 1159 3640 γίνονται,
1185 3580 1247 3630 ὣς
1264 3580 1324 3628 ἃν
1339 3578 1417 3627 καὶ
1451 3577 1484 3637 ἦ
1525 3577 1727 3640 ἀπογέν-

662 3670 797 3713 νησις
816 3655 940 3704 κατὰ
965 3654 1055 3712 τὴν
1075 3653 1252 3712 κίνησιν
1269 3655 1356 3703 τοῦ
1371 3650 1632 3715 πνεύματος
1651 3655 1727 3716 ’γί-

661 3741 816 3787 νηται·
850 3725 934 3778 ἕως
954 3727 1007 3776 δὲ
1027 3726 1282 3789 θαλάττης,
1308 3729 1424 3778 δῖνοι
1444 3727 1727 3778 ἀποτελοῦν·
1774 3775 1779 3780 .

661 3819 758 3856 ται.
790 3805 825 3853 i.
849 3820 898 3854 e.
946 3807 961 3832 ‘
983 3805 1256 3854 Presteres
1277 3803 1391 3854 fieri
1412 3812 1649 3866 possunt,
1668 3811 1727 3855 et

661 3897 732 3934 ex
745 3882 1058 3932 demissione
1074 3881 1224 3932 nubis
1241 3882 1305 3932 ad
1329 3883 1444 3932 loca
1455 3880 1725 3945 inferiora,

661 3958 984 4009 dissimiliter
1017 3974 1049 4008 a
1086 3963 1241 4008 vento
1277 3957 1518 4008 conferto
1541 3958 1725 4023 pulsae,

661 4040 720 4083 et
743 4047 839 4097 per
861 4040 1070 4084 ventum
1092 4033 1310 4097 ruentis,
1329 4034 1479 4082 simul
1499 4042 1722 4084 externo

661 4109 788 4160 flatu
827 4113 1016 4162 nubem
1061 4112 1114 4161 in
1160 4111 1328 4160 locum
1373 4112 1723 4176 propinquum

662 4186 984 4250 impellente,
1004 4194 1057 4237 et
1076 4193 1294 4251 propter
1308 4185 1488 4236 flatum
1507 4187 1723 4237 circum·

659 4269 890 4314 stantem
927 4263 1048 4316 aere
1099 4264 1342 4314 nonnullo
1401 4277 1623 4326 superne
1666 4263 1719 4312 in

1352 417 1570 468 ⁸0?AE
1618 417 2021 470 VAmonuu
2073 418 2147 466 ΙΝ

1808 574 1920 610 enm
1944 575 2049 610 nna
2069 561 2241 623 pulso,
2254 565 2309 610 et
2330 560 2501 610 multis
2516 557 2725 610 flatibus
2748 575 2869 610 con-

1806 636 2103 692 fluentibus,
2124 637 2210 700 qui
2231 650 2333 685 non
2356 636 2555 700 possint
2576 636 2626 683 in
2660 636 2871 698 obliqua

1806 711 2061 772 diffluere,
2118 718 2333 775 propter
2386 711 2516 760 acris
2572 712 2870 762 circumfusi

1806 787 2281 836 condennationem.
2370 789 2459 848 Et,
2512 787 2601 835 ubi
2662 787 2869 850 quidem

1808 868 2014 924 preater
2038 875 2201 924 usque
2238 859 2303 908 ad
2337 868 2528 910 terram
2555 861 2869 924 demittitur,

1809 937 2039 986 turbines
2059 936 2213 1004 fiunt,
2230 944 2290 985 ut
2310 945 2366 985 et
2389 936 2654 1000 generatio
2675 950 2739 984 ex
2765 953 2870 986 mo-

1808 1013 1951 1062 tione
1974 1010 2129 1061 flatus
2162 1012 2413 1061 exsistat:
2450 1011 2538 1060 ubi
2564 1027 2686 1061 vero
2709 1027 2870 1076 usque

1810 1089 1876 1138 ad
1916 1103 2077 1151 mare,
2112 1089 2335 1138 vertices
2369 1087 2649 1137 creantur!
2700 1089 2870 1139 Lamo.

1812 1164 2025 1213 Fulmen
2049 1163 2283 1227 sequitur
2311 1162 2562 1227 presteris
2587 1162 2873 1230 explicatio

1812 1255 1915 1289 vas.
1938 1243 2022 1289 20.
2060 1240 2275 1287 Prester
2297 1233 2469 1286 autem
2494 1237 2650 1286 turbo
2675 1237 2874 1301 igneus,

1810 1315 1901 1378 qui
1920 1313 2125 1363 scilicet
2148 1320 2332 1360 ventus
2354 1313 2719 1374 circumactae,
2740 1318 2797 1361 et
2818 1327 2873 1362 se

1808 1390 1862 1438 iu
1900 1390 2017 1454 ipse
2054 1387 2307 1450 vertigine
2341 1389 2604 1436 concitans
2640 1401 2759 1436 cum
2782 1388 2871 1449 sit,

1810 1466 1850 1514 si
1875 1463 2156 1529 pugnacior
2178 1471 2260 1514 est
2291 1471 2347 1512 et
2382 1461 2575 1512 diutius
2605 1463 2875 1512 volutatur

1809 1541 1863 1591 in
1907 1537 2159 1588 flammam
2207 1539 2335 1588 abit.
2408 1539 2464 1587 Si
2503 1544 2691 1587 ventus
2723 1538 2808 1588 hic
2840 1553 2870 1588 e

1810 1616 2031 1666 nubibus
2060 1615 2346 1675 excutitur,
2388 1621 2444 1663 et
2481 1623 2630 1664 recto
2669 1615 2869 1677 impetu

1807 1693 2025 1756 feratur,
2058 1700 2167 1743 tum
2200 1693 2263 1742 fit
2295 1692 2520 1755 fulmeu3
2574 1691 2616 1741 si
2657 1692 2868 1753 nubem,

1807 1785 1925 1835 quae
1952 1771 2099 1819 lente
2136 1776 2237 1830 est,
2273 1781 2609 1832 perrumpere
2647 1782 2751 1816 non
2786 1782 2871 1817 va-

1808 1844 1933 1906 leat,
1955 1843 2047 1892 sed
2080 1843 2319 1892 deorsum
2356 1843 2407 1891 in
2432 1855 2573 1890 mare
2596 1841 2867 1903 extendat,

1805 1922 1984 1986 ibique
2044 1935 2316 1984 erumpens
2378 1920 2562 1984 rapida
2614 1921 2869 1984 vertigine

1805 1999 1975 2049 omnia
1994 2006 2247 2064 torqueat,
2274 2007 2380 2048 tum
2400 1997 2463 2047 fit
2486 2005 2708 2061 prester,
2724 2013 2867 2047 max·

1805 2075 1909 2124 ima
1950 2075 2313 2138 ,navigantium
2370 2075 2561 2136 pestise
2627 2074 2868 2138 quoniam

1806 2165 1931 2200 vero
1970 2151 2037 2200 de
2079 2148 2293 2199 fulmine
2330 2149 2455 2198 satia
2487 2149 2727 2212 dixisset,
2755 2148 2867 2212 jam

1807 2225 2061 2275 turbinem
2105 2230 2305 2274 tantum
2352 2224 2602 2287 explicat,
2644 2230 2702 2273 et
2745 2223 2865 2272 inde

1805 2300 2024 2363 conjicit
2044 2299 2343 2364 (perperam
2368 2299 2421 2347 ni
2443 2297 2625 2363 fallor)
2642 2298 2865 2349 Gassen-

1804 2375 1921 2438 dus,
1943 2374 2175 2440 ‚Epicuri
2219 2383 2502 2440 presterem
2548 2388 2661 2422 esse
2698 2373 2866 2425 Eone-

1805 2452 1960 2516 phian
1974 2465 2077 2502 non
2092 2450 2320 2515 igneum,
2332 2457 2388 2500 et
2405 2451 2562 2499 docet
2580 2457 2865 2513 presterem

1803 2527 1871 2575 ab
1906 2542 1963 2577 re
1988 2543 2021 2576 a
2056 2526 2259 2577 Graecis
2293 2527 2613 2574 nominatum
2654 2523 2727 2572 ita
2762 2523 2867 2574 dici

1801 2615 1923 2664 non,
1956 2601 2103 2666 quasi
2138 2598 2559 2662 inflammantem,
2590 2599 2683 2647 sed
2720 2597 2865 2663 qnasi

1802 2675 2087 2738 inflantem,
2122 2690 2214 2725 aen
2251 2674 2696 2738 tumefacientem,
2741 2689 2865 2738 qua·

1802 2758 1951 2802 tenus
1970 2751 2200 2802 incidens
2220 2752 2272 2800 in
2294 2766 2435 2800 mare
2462 2757 2756 2800 tumescere
2786 2751 2864 2814 ip·
2968 2805 2975 2814 ,

1804 2843 1916 2878 sum
1940 2829 2114 2892 cogit3
2154 2841 2247 2878 seu
2268 2825 2725 2890 fervefacientem,
2742 2841 2862 2890 que-

1803 2910 1952 2952 tenus
1974 2917 2159 2967 aquam
2182 2902 2259 2952 sic
2287 2909 2599 2962 commovet,
2618 2908 2681 2950 ut
2704 2901 2863 2952 veluti

1799 2979 2103 3041 ferviscere,
2122 2991 2214 3028 seu
2232 2977 2378 3043 quasi
2402 2977 2590 3028 bullire
2606 2977 2862 3027 videatur.

1804 3055 2003 3104 Creech.

1862 3135 1960 3182 423
2001 3129 2273 3193 Praeterea]
2330 3129 2416 3178 Ita
2448 3134 2558 3178 vet.
2591 3127 2734 3178 libri.
2798 3127 2858 3178 In

1800 3207 2125 3272 quibusdam,
2180 3207 2461 3268 Pru-steros,
2514 3211 2575 3252 nt
2615 3206 2631 3232 ⁴
2657 3203 2862 3254 scaena'

1799 3297 1867 3332 ex
1888 3281 2055 3341 σκήνη.
2102 3281 2284 3330 Varro.
2338 3281 2423 3329 Ita
2440 3286 2499 3328 et
2519 3294 2657 3328 mox.
2695 3281 2863 3339 Gismi.

1860 3363 1955 3407 431
1996 3358 2151 3414 Quam
2187 3356 2327 3420 coepit
2342 3371 2362 3414 3
2391 3354 2584 3416 unbem]
2635 3353 2861 3404 Gassea-

1797 3431 1895 3481 dus
1922 3433 2029 3488 Qua
2048 3432 2204 3494 coepit,
2228 3433 2303 3481 itu
2326 3431 2459 3481 enim
2493 3431 2735 3494 postulat
2752 3444 2862 3478 sen-

1796 3507 1985 3556 tentia.
2022 3507 2215 3556 Creeclt,
2430 3551 2435 3556 .

1863 3587 1959 3633 483
1998 3583 2150 3639 Quasi
2169 3581 2280 3645 quid
2296 3580 2479 3645 pugno]
2528 3581 2591 3630 In
2616 3588 2726 3631 vet.
2750 3595 2863 3630 nos-

1796 3659 1914 3720 tris,
1942 3660 2113 3722 pngni.
2148 3657 2329 3708 Gifan.

1862 3735 2154 3798 Brochiiqne
2188 3747 2385 3797 superne
2419 3732 2672 3796 conjectu]
2708 3734 2859 3784 Men·

1797 3813 1925 3864 dose
1966 3812 2162 3862 liabent
2200 3811 2407 3875 quidam
2452 3809 2541 3858 lib.
2578 3809 2719 3878 vulg.
2754 3810 2861 3858 bra·

1795 3889 2022 3952 chiisqn.
2056 3886 2236 3936 Lamb.
2700 3879 2707 3882 ’

1858 3967 1955 4013 485
2010 3962 2349 4024 Prm·ump·itur
2386 3959 2439 4008 iu
2474 3959 2631 4022 mare]
2684 3961 2702 3990 ‘
2728 3959 2857 4010 Pro·

1792 4037 2019 4102 rumpit’
2056 4045 2113 4086 et
2155 4040 2170 4066 ‘
2195 4034 2453 4099 erumpit'
2494 4047 2855 4099 saepenumero

1792 4120 2091 4165 neutrorum
2146 4112 2527 4177 significatione
2590 4112 2718 4161 trita
2777 4112 2849 4160 vi-

1764 4191 1976 4240 demus
2021 4190 2275 4252 usurpari.
2340 4189 2495 4238 Maro
2517 4185 2691 4238 tamen
2740 4188 2848 4238 AEn.

1791 4271 1839 4317 1.
1862 4270 1975 4315 250.
2010 4265 2142 4316 dixit
2167 4267 2182 4294 ‘
2206 4265 2248 4316 it
2270 4279 2412 4316 mare
2431 4261 2773 4328 proruptum?
2794 4271 2850 4316 ut
