3200 4959
609 407 785 476 1488
896 489 903 498 '
1306 412 1522 463 ΝΟΜ
1574 403 1978 456 vAmoauM
2029 401 2106 449 IN

605 580 837 619 movere.
918 564 1083 627 Spero
1106 560 1245 610 enim
1268 571 1377 620 eos,
1398 554 1479 604 his
1500 551 1670 612 lectis,

604 645 705 694 nisi
724 647 877 693 erunt
896 641 1049 690 valde
1069 635 1390 702 pervicaces,
1416 637 1469 680 et
1489 628 1588 678 nisi
1612 641 1669 676 se

606 727 663 771 et
696 734 815 768 suas
852 716 1182 779 conjecturas
1214 709 1367 760 nimis
1403 704 1672 763 amabunt,

608 793 819 845 veritati
853 803 1210 850 concessuros,
1243 800 1305 835 ac
1337 796 1543 832 manum
1578 778 1670 828 da-

608 880 768 922 turos.
834 867 1129 918 Turnebum
1152 863 1377 928 quidem,
1408 872 1508 922 quo
1531 855 1673 918 inge-

608 948 714 1009 nio,
748 959 953 1010 quaque
976 941 1132 992 animi
1158 938 1411 1003 aequitate
1434 939 1489 982 et
1511 930 1674 982 facili·

613 1030 723 1073 tate
746 1037 865 1070 eum
906 1017 1145 1082 cognovi,
1166 1015 1209 1064 si
1242 1011 1538 1070 reviviscat,
1571 1019 1674 1054 non

610 1101 812 1157 dubito,
846 1097 970 1160 quin
991 1109 1098 1144 suae
1122 1091 1439 1154 conjecturae
1464 1095 1674 1146 sumque

610 1173 987 1226 emendationis
1020 1162 1363 1219 'vehementer
1401 1161 1673 1225 poeniteat.

613 1253 791 1302 Redeo
826 1250 891 1300 ad
924 1249 1064 1298 Deos
1100 1241 1337 1307 Epicuri,
1360 1249 1573 1302 quorum
1598 1232 1676 1280 di-

608 1329 767 1380 cebat
800 1341 911 1375 esse
952 1320 1132 1387 ‘quasi
1170 1313 1396 1381 corpus,'
1436 1324 1537 1360 non
1562 1322 1676 1358 cor-

611 1420 743 1469 pus:
777 1405 791 1431 ‘
812 1400 959 1468 quasi
980 1391 1315 1459 sanguinem,'
1346 1402 1449 1439 uon
1474 1383 1678 1446 sangui-

610 1495 749 1541 nem,
774 1485 832 1526 ut
856 1475 1021 1524 refert
1043 1473 1121 1522 M.
1143 1469 1276 1520 Tull.
1299 1468 1334 1514 l.
1359 1469 1407 1514 1.
1430 1463 1498 1512 de
1515 1462 1583 1512 N.
1609 1461 1678 1508 D.

612 1557 691 1605 his
706 1555 904 1604 verbis:
918 1553 933 1580 ⁴
952 1551 1101 1600 Idem
1120 1545 1247 1595 facit
1267 1544 1321 1592 in
1331 1547 1518 1590 natura
1532 1538 1676 1588 Deo-

614 1648 760 1682 rumz
801 1631 921 1679 dum
966 1623 1351 1676 individuorum
1402 1625 1678 1677 corporum

616 1707 1001 1759 concretionem
1012 1700 1167 1764 fugit,
1176 1711 1243 1746 ne
1254 1693 1494 1745 interitus
1506 1696 1562 1740 et
1575 1687 1678 1736 dis-

612 1784 805 1848 sipatio
844 1783 1207 1843 consequatur,
1230 1776 1391 1834 negat
1423 1782 1538 1818 esse
1566 1779 1678 1816 cor·

614 1875 711 1924 pus
723 1853 1075 1918 Deorum,sed
1090 1859 1335 1914 tanquam
1344 1859 1559 1908 corpus:
1581 1856 1678 1892 nec

615 1934 935 1998 sanguinem,
956 1928 1046 1979 sed
1078 1935 1323 1991 tanquam
1348 1919 1681 1984 sanguinem,'

616 2016 717 2060 ὅτε.
750 2009 995 2074 Sequitur
1032 2004 1228 2069 aliquot
1269 1997 1502 2048 versibus
1526 2001 1677 2058 post:

610 2089 627 2116 ‘
655 2087 791 2137 Illud
836 2085 989 2134 video
1016 2091 1249 2145 pugnare
1290 2082 1363 2136 te,
1400 2072 1600 2136 species
1623 2076 1681 2118 ut

618 2164 858 2229 quaedam
880 2161 947 2209 sit
969 2161 1223 2216 Deorum,
1254 2166 1371 2215 quae
1408 2147 1538 2198 nihil
1559 2159 1681 2196 con-

618 2239 751 2290 creti
788 2237 997 2294 habeat,
1041 2230 1165 2279 nihil
1211 2227 1383 2285 solidi,
1422 2222 1550 2270 nihil
1588 2235 1680 2269 ex-

618 2313 807 2379 pressi,
834 2310 960 2360 nihil
994 2305 1303 2358 eminentiss
1340 2302 1509 2365 sitque
1533 2311 1683 2361 pura,

616 2390 780 2452 laevis,
802 2385 1076 2452 pellucida.
1112 2382 1363 2431 Dicemus
1380 2391 1506 2438 ergo
1522 2375 1682 2436 idem,

618 2466 755 2532 quod
776 2468 827 2514 in
841 2466 1048 2513 Venere
1072 2461 1212 2510 Coa:
1231 2470 1420 2520 corpus
1436 2452 1563 2502 illud
1580 2466 1680 2500 non

617 2548 723 2604 est,
742 2541 832 2588 sed
852 2538 1017 2587 simile
1032 2533 1240 2598 corpori
1266 2548 1279 2580 ε
1314 2544 1411 2579 nec
1432 2529 1523 2577 ille
1536 2526 1680 2576 fusus

617 2625 677 2668 et
698 2616 923 2666 candore
945 2612 1134 2660 mixtus
1158 2607 1333 2667 rubor,
1348 2603 1555 2666 sangnis
1576 2609 1680 2664 est,

618 2693 710 2743 sed
734 2689 1013 2740 similitudo
1028 2683 1286 2748 sanguinis
1305 2678 1560 2744 quaedam.
1593 2676 1681 2727 Sic

620 2771 673 2819 in
698 2768 957 2832 Epicureo
992 2765 1107 2812 Deo
1129 2774 1229 2810 non
1255 2773 1360 2820 res,
1384 2755 1476 2808 sed
1501 2754 1678 2804 simili·

618 2846 827 2897 tudines
850 2857 1020 2892 rerum
1044 2837 1195 2901 esse,'
1212 2840 1313 2885 ὅτε.
1346 2833 1514 2883 Lamb.

684 2925 781 2972 150
802 2919 969 2969 Animi
1004 2918 1091 2965 cix
1127 2918 1297 2962 mente*
1322 2907 1535 2970 videtur]
1572 2907 1679 2956 Vix

620 2995 942 3060 cogitatione
980 2998 1037 3041 et
1068 2986 1419 3050 intelligentia
1441 2996 1678 3045 compre-

618 3075 879 3125 henditur.
904 3084 1019 3133 sup.
1057 3073 1107 3118 4.
1150 3067 1266 3115 762.
1301 3061 1489 3110 ‘Mens
1522 3058 1679 3108 animi

620 3149 833 3214 vigilat?
868 3145 1034 3197 Lamb.

686 3231 783 3276 152
828 3223 1115 3284 contingere
1144 3215 1303 3278 debet]
1345 3211 1679 3272 contingere,

616 3307 652 3354 i.
674 3320 721 3354 e.
745 3303 1028 3364 attingere,
1052 3305 1284 3358 tangere.
1317 3289 1486 3341 Lamb.

688 3383 782 3428 153
810 3378 955 3434 Quod·
970 3373 1109 3435 tangi
1126 3387 1218 3420 nou
1237 3370 1345 3418 licet
1361 3364 1536 3428 ipsum]
1556 3363 1682 3414 Qui·

622 3458 739 3506 dam
760 3450 1035 3516 legendum
1060 3451 1267 3510 putant,
1284 3443 1422 3499 Quod
1434 3439 1573 3500 tangi
1588 3453 1682 3486 non

622 3535 763 3596 queat
782 3529 955 3591 ipsum.
986 3521 1172 3573 Lamb.

690 3611 786 3656 154
812 3605 971 3658 Quare
989 3600 1135 3649 etiam
1168 3593 1321 3656 sedes]
1362 3594 1493 3643 Quas
1516 3589 1684 3639 tenui·

624 3683 751 3730 tatis
769 3674 1075 3726 differentia
1088 3677 1169 3720 est
1190 3685 1283 3718 nos
1302 3671 1441 3716 inter
1456 3671 1513 3714 et
1534 3667 1682 3714 Deos

622 3757 783 3819 ipsos,
806 3751 989 3800 eadem
1022 3748 1159 3796 inter
1190 3745 1339 3793 sedes
1362 3744 1592 3791 Deorum
1627 3746 1682 3789 et

625 3835 833 3879 nostras
852 3831 950 3874 est.
1016 3823 1203 3885 Itaque
1244 3821 1257 3848 ‘
1276 3826 1457 3869 tenues
1480 3817 1546 3866 de
1569 3831 1683 3866 cor-

625 3920 751 3970 pore
767 3916 945 3954 eorum
963 3900 978 3922 '
1001 3895 1332 3961 significabit,
1349 3901 1532 3942 tenues
1551 3907 1684 3952 esse,

624 3981 771 4044 quasi
792 3991 857 4028 ex
884 3975 1064 4026 iisdem
1086 3971 1400 4036 corpusculis
1420 3977 1682 4032 constent,

628 4057 815 4122 quibus
838 4061 892 4104 et
913 4053 1002 4102 Dii
1030 4055 1289 4101 constant.
1326 4047 1495 4097 Faber.

691 4138 785 4182 155
825 4133 1003 4181 Tenues
1025 4131 1084 4178 de
1100 4124 1312 4189 corpore]
1340 4125 1385 4173 Ι.
1410 4139 1457 4174 e.
1480 4130 1686 4185 tenues,

627 4209 770 4276 quasi
816 4209 880 4257 dc
923 4204 1241 4268 corpusculis
1282 4209 1337 4251 et
1376 4201 1687 4263 primordiis,

628 4303 691 4337 ex
739 4284 923 4351 quibus
960 4281 1048 4330 Dii
1087 4285 1349 4342 constant,
1375 4276 1553 4329 tactae.
1591 4276 1683 4325 sed

1741 546 1950 597 omnino
1973 544 2146 594 malim
2165 541 2270 606 legi
2303 545 2465 590 tenues
2499 553 2586 602 pro
2619 552 2818 602 corpore

1743 638 1918 672 eorum.
1954 621 2137 671 Lamb.
2225 617 2505 668 Lambinus
2549 616 2679 678 legit
2723 617 2816 664 Te·

1741 715 1858 749 nues
1875 713 1962 762 pro
1981 711 2172 760 corpore
2193 709 2369 744 eorum.
2403 691 2629 742 Creech.

1812 781 1906 825 157
1943 776 2124 825 Dicere
2150 773 2318 836 porro]
2347 767 2813 833 Negatmundum

1746 852 2005 901 hominum
2025 863 2186 899 causa
2207 861 2319 896 esse
2342 860 2374 893 a
2397 845 2514 893 Deo
2537 851 2774 892 creatum
2795 859 2813 892 ε

1745 928 1840 976 hos
1864 933 2038 975 autem
2072 937 2252 973 versus
2287 919 2492 985 profert
2513 925 2568 968 et
2587 920 2816 968 Lactan-

1749 1003 1854 1053 tius
1909 1001 2219 1050 Firmianus.
2284 996 2502 1046 Lambin.
2599 993 2676 1042 At
2725 994 2816 1042 Dii

1747 1081 1882 1129 hunc
1917 1077 2164 1128 mundum
2199 1075 2542 1133 fabricarunt,
2580 1077 2637 1121 et
2663 1078 2836 1120 aeter-.

1749 1169 1868 1204 num
1912 1168 2027 1203 esse
2069 1153 2362 1202 voluerunt.
2427 1150 2590 1211 Resp.
2623 1148 2816 1197 Lucre·

1751 1232 1856 1281 tius
1898 1245 1996 1280 vss.
2019 1233 2098 1279 2⁵.
2135 1227 2215 1276 sui
2259 1241 2324 1276 an
2364 1223 2625 1274 hominum
2657 1239 2815 1274 causa

1748 1305 2107 1356 fabricarunt?
2139 1302 2229 1352 Sui
2249 1301 2408 1366 siquis
2430 1300 2658 1361 dixerit,·
2675 1299 2816 1348 idem

1752 1383 1916 1445 dicat,
1948 1381 2068 1447 quid
2104 1382 2224 1430 Deo
2247 1379 2418 1428 cultus
2439 1377 2660 1426 hominis
2693 1391 2817 1424 con·

1751 1459 1857 1510 fert
1901 1461 2077 1520 beato,
2121 1456 2362 1509 et.nulla
2404 1468 2462 1502 re
2511 1453 2818 1516 indigente?

1751 1536 1894 1588 Quid
1930 1541 2104 1584 antem
2145 1539 2262 1582 erat
2303 1529 2441 1596 quod
2476 1528 2814 1592 concupisce-

1751 1617 1836 1662 ret
1856 1613 2000 1660 Deus
2037 1609 2282 1660 mundum
2321 1606 2484 1670 signis
2519 1611 2576 1654 et
2609 1591 2813 1654 lumini:-

1753 1689 1848 1738 bus
1883 1696 2125 1752 tanquam
2159 1684 2342 1735 AEdilis
2385 1681 2608 1732 ornare?
2667 1680 2723 1728 Si
2757 1686 2817 1729 ut

1750 1765 1894 1814 Deus
1951 1765 2132 1813 melius
2185 1761 2465 1822 habitaret,
2518 1764 2674 1807 antea
2717 1757 2816 1806 viz.

1753 1847 1991 1903 tempore
2026 1837 2228 1888 infinito
2249 1837 2302 1886 in
2325 1833 2551 1886 tenebris
2574 1840 2816 1897 tanquam

1753 1916 1806 1964 in
1853 1915 2121 1979 gurgustio
2159 1911 2521 1962 habitaverat?
2565 1917 2686 1972 post
2727 1925 2817 1958 au-

1754 1999 1880 2052 tem,
1894 1990 2222 2040 varietatene
2243 2004 2358 2038 eum
2394 1986 2644 2036 delectari
2667 1993 2818 2049 puta·

1754 2082 1886 2130 mus,
1910 2067 2029 2132 quia
2053 2069 2238 2116 coelum
2269 2073 2325 2116 et
2348 2071 2518 2114 terras
2543 2069 2818 2115 exornatas

1755 2143 2022 2192 videmus?
2057 2143 2189 2194 Quae
2207 2141 2308 2190 ista
2325 2145 2501 2205 potest
2515 2153 2626 2189 esse
2645 2139 2819 2188 oblec-

1757 2217 1885 2267 tatio
1907 2218 2059 2266 Deo?
2084 2224 2209 2281 'quae
2231 2217 2276 2265 si
2309 2223 2467 2277 esset,
2495 2229 2595 2263 non
2619 2227 2683 2262 ea
2706 2223 2817 2264 tam

1755 2293 1842 2342 diu
1859 2308 2036 2344 carere
2059 2294 2334 2357 potuisset.
2403 2291 2681 2342 Hominum
2695 2305 2820 2339 cau-

1755 2383 1813 2419 sa
1835 2370 1922 2432 qui
1946 2369 2095 2432 dicit,
2127 2370 2268 2418 idem
2289 2368 2538 2431 explicet,
2557 2367 2818 2431 quomodo

1753 2443 1902 2493 nobis
1935 2460 2036 2494 non
2062 2445 2407 2494 existentibus
2432 2445 2648 2492 insuave
2682 2441 2820 2492 foret

1753 2537 1852 2572 non
1877 2537 2007 2572 esse.
2045 2523 2236 2572 Creech.

1820 2605 1916 2649 169
1927 2599 2133 2662 Divum]
2148 2598 2373 2651 Quidam
2394 2599 2602 2646 veteres
2619 2595 2822 2645 :Dium‘z

1755 2674 1932 2726 Gifan.
2805 2689 2814 2710 ⁴-

1823 2755 1916 2799 161
1954 2751 2154 2812 Necsas
2175 2765 2294 2813 esse,
2318 2750 2478 2799 Deum
2494 2751 2636 2813 quod]
2670 2747 2819 2798 Ordo

1756 2833 1811 2875 et
1839 2827 2100 2876 sententia
2122 2835 2234 2876 est:
2277 2842 2375 2876 nec
2411 2825 2490 2874 fas
2509 2841 2625 2876 esse
2649 2841 2820 2890 quem·

1756 2917 1906 2967 quam
1931 2902 2005 2966 id,
2031 2903 2170 2967 quod
2209 2903 2278 2952 sit
2299 2903 2504 2952 ratione
2526 2910 2582 2952 et
2601 2903 2822 2953 consilio

1754 2980 2008 3041 Deorum,
2044 2979 2304 3028 hominnm
2341 2994 2498 3029 causa
2531 2978 2824 3040 conditum,

1755 3053 1790 3102 i.
1813 3069 1862 3103 e.
1887 3055 2153 3116 mundum,
2193 3056 2365 3104 verbis
2405 3063 2462 3104 et
2501 3055 2820 3118 argumentis

1756 3145 1848 3180 suo
1871 3132 1986 3180 loco
2027 3147 2256 3196 movere,
2277 3141 2368 3182 aut
2389 3131 2708 3182 labefactare
2733 3146 2820 3181 co-

1754 3209 1883 3268 nari,
1915 3211 2014 3257 &c.
2047 3209 2216 3258 Lamb.

1823 3288 1917 3332 163
1943 3283 2236 3347 Sollicitare]
2258 3285 2498 3348 Proprie.
2563 3286 2700 3335 Nam
2719 3286 2822 3333 sol-

1757 3360 1963 3410 licitare
2005 3361 2197 3424 (inquit
2237 3359 2451 3424 Festus)
2487 3367 2568 3410 est
2601 3361 2712 3410 solo
2747 3361 2819 3410 ci-

1759 3445 1891 3501 tare,
1912 3439 1947 3487 i.
1971 3453 2018 3486 e.
2059 3452 2124 3486 ex
2164 3452 2255 3486 suo
2287 3439 2398 3486 loco
2434 3453 2664 3488 movere.
2713 3435 2822 3487 'So-

1759 3516 1862 3564 lum
1887 3521 2058 3563 autem
2083 3515 2206 3578 quin
2228 3513 2487 3576 significet
2526 3515 2693 3564 locum
2719 3515 2822 3576 (in-

1759 3590 2052 3657 quitidem)
2075 3593 2185 3656 quis
2219 3591 2445 3652 dubitet,
2475 3606 2593 3640 cum
2615 3591 2821 3639 exsules

1759 3686 1963 3735 quoque
2017 3671 2256 3720 dicantur
2299 3672 2414 3719 loco
2467 3671 2654 3732 patrioe
2683 3683 2819 3718 ‹suae

1735 3748 1931 3810 ‚pulsi?
1967 3746 2132 3796 Lamb.
2205 3747 2370 3795 Ullum
2413 3762 2474 3795 ex
2515 3746 2718 3807 sedilia-r,
2749 3745 2824 3794 ita

1759 3830 1866 3870 vet.
1895 3821 2032 3883 libri,
2049 3827 2214 3871 recte.
2281 3821 2419 3869 Vide
2441 3821 2536 3870 Me
2553 3821 2604 3869 in
2621 3819 2821 3869 Indice.

1765 3897 1939 3956 Gisan.
2005 3895 2198 3946 Arrisit
2228 3902 2400 3946 tamen
2440 3897 2702 3959 scriptura
2731 3910 2824 3957 op-

1761 3975 2002 4022 timorum
2029 3973 2196 4022 Codd.
2229 3975 2327 4022 ulla
2349 3975 2396 4022 vi
2417 3990 2478 4023 ex
2497 3973 2700 4035 sedibus,
2733 3987 2824 4021 ne·

1761 4065 1860 4114 que
1882 4051 2021 4100 enim
2054 4057 2158 4098 tam
2200 4050 2267 4099 ab
2291 4051 2398 4100 ullo
2419 4051 2712 4100 mortalium
2735 4065 2824 4098 ne-
2873 4087 2882 4096 .

1759 4135 1848 4190 gat
1865 4127 2138 4177 Lucretius
2149 4129 2342 4176 moveri
2360 4129 2456 4177 hoc
2473 4128 2678 4176 eosdem
2695 4128 2824 4176 sede

1760 4220 1854 4254 sua
1875 4205 2008 4254 velle
2029 4219 2044 4264 ς
2083 4219 2237 4268 quam
2274 4205 2378 4252 nlla
2401 4206 2451 4252 vi
2473 4210 2531 4253 et
2553 4205 2823 4253 ratiocina-

1761 4281 1920 4343 tione,
1963 4286 2385 4344 quantacunque.
2410 4281 2500 4330 illa
2543 4282 2711 4334 solida
2753 4280 2823 4330 sit
