3200 4959
621 416 794 481 1412

621 582 684 623 nt
735 574 954 635 plurima
1006 573 1329 636 simulachra,
1379 585 1498 637 quae
1553 578 1675 621 aunt

621 650 842 699 maxime
882 648 1107 710 mobilia,
1141 648 1372 713 quolibet
1413 655 1675 698 momento

623 724 870 785 temporis
890 732 1186 786 accurrant,
1203 731 1258 772 et
1282 724 1418 773 inter
1435 724 1528 773 illa
1549 724 1675 771 ima·

621 812 686 861 go
708 797 854 845 istius
883 798 956 845 rei
987 799 1051 846 de
1075 814 1178 861 qua
1210 800 1438 861 cogitare
1463 800 1677 859 placuit.

621 874 755 923 Haec
778 875 985 937 quidem
1018 874 1141 923 mihi
1177 875 1380 925 videtur
1399 875 1551 939 hujus
1571 873 1677 923 loci

621 948 900 997 sententia.
971 948 1161 997 Crete-1⁸.

687 1024 848 1073 Multa
867 1024 1186 1086 querendum]
1219 1025 1322 1073 Pro
1351 1026 1514 1075 multa
1535 1040 1676 1090 quai-

618 1098 795 1147 renda.
832 1107 913 1148 est
936 1100 1362 1163 aparempbaton,
1383 1100 1436 1149 h.
1458 1116 1506 1149 e.
1531 1101 1674 1150 inde-

621 1174 820 1224 finitnm
854 1175 1064 1223 verbum
1101 1189 1270 1239 neque
1305 1176 1530 1225 nutrieris
1557 1185 1677 1225 ‘aer-

620 1250 766 1297 viens
795 1264 960 1312 neque
996 1249 1232 1298 casibus:
1265 1265 1369 1313 qua
1408 1250 1573 1313 figura
1604 1253 1677 1303 io·

617 1324 806 1389 quendi
831 1324 1007 1374 Plaut.
1030 1325 1194 1374 utitur
1213 1327 1264 1375 in
1283 1326 1679 1391 Amphitryone,

617 1400 764 1449 Prol.
789 1415 863 1450 vs.
888 1405 970 1449 33.
1042 1408 1055 1427 ¹
1073 1401 1279 1452 Justam
1317 1416 1425 1451 rem
1463 1409 1519 1452 et
1549 1402 1676 1453 faei-

616 1476 720 1525 lem
745 1490 857 1523 esse
877 1482 1081 1525 oratum
1098 1491 1128 1524 a
1147 1476 1292 1523 vobis
1313 1477 1462 1525 volo.’
1511 1478 1574 1526 Iu
1593 1493 1678 1527 co·

617 1552 736 1601 dice
759 1553 1022 1601 Ciceronis
1041 1553 1093 1600 in
1112 1553 1328 1601 Verrem
1349 1553 1439 1603 lib.
1459 1558 1508 1603 7.
1527 1568 1676 1617 spec-

618 1636 746 1679 tate
787 1628 909 1677 fidei
949 1629 1026 1677 sic
1069 1629 1294 1691 legitur:
1333 1631 1349 1657 ‘
1384 1629 1536 1679 Hanc
1575 1630 1677 1679 sibi

617 1720 726 1754 rem
743 1712 956 1767 sperant
969 1704 1212 1767 praesidio
1229 1704 1497 1755 futurum.’
1519 1706 1677 1755 Plan-

619 1786 704 1829 tus
727 1780 863 1828 idem
886 1779 937 1827 in
961 1779 1152 1829 Casina
1185 1784 1234 1829 8.
1257 1786 1304 1827 5.
1325 1785 1407 1830 51.
1453 1782 1469 1809 ‘
1493 1781 1677 1831 Altero

617 1862 673 1904 te
713 1855 1003 1903 occisurum
1046 1856 1155 1903 ait:
1212 1856 1378 1905 altero
1417 1856 1678 1905 villicum:

615 1946 734 1981 cum
778 1932 845 1981 de
889 1931 1080 1980 ancilla
1121 1931 1436 1995 loqueretur.
1503 1933 1677 1983 Varro

1327 430 1540 477 NOTAE

523 2028 541 2049 v
613 2007 749 2057 libro
773 2007 935 2070 primo
959 2006 1023 2054 de
1051 2008 1116 2057 R.
1141 2006 1208 2055 R.
1237 2007 1253 2034 ‘
1275 2006 1340 2055 Iu
1363 2004 1677 2069 confragoso

615 2084 754 2133 euim
769 2097 831 2132 ac
847 2082 1048 2131 difficili
1059 2083 1346 2132 valentiora
1359 2081 1678 2143 parandum.'

615 2158 845 2207 Lucilius
861 2158 925 2207 ad
943 2158 1260 2220 Penelopam
1276 2171 1556 2207 conversus
1569 2159 1673 2207 ait:

617 2237 634 2260 ⁸
659 2234 954 2295 Nupturum
989 2240 1044 2280 te
1077 2239 1240 2295 nupta
1267 2246 1426 2295 negas
1459 2247 1576 2296 quae
1597 2234 1670 2282 vi·

613 2321 740 2355 vere
765 2308 986 2369 Ulyxem
1019 2305 1246 2368 Speras!
1312 2307 1452 2370 Lege
1481 2308 1670 2357 Prisci-

614 2396 766 2430 anum
791 2381 880 2429 lib.
903 2386 949 2429 9.
1020 2381 1156 2431 Pius.

675 2460 774 2505 779
810 2456 1098 2503 clar-andum
1134 2455 1232 2517 est]
1271 2456 1484 2505 Clarare
1519 2471 1671 2520 opor-

515 2514 546 2553 ·’
611 2539 710 2593 tet,
728 2528 981 2589 δηλωτέον.
1019 2530 1094 2580 sic
1117 2544 1230 2593 sup.
1255 2536 1303 2581 l.
1329 2533 1478 2611 1123‘
1500 2532 1669 2582 AEter-

610 2621 704 2655 nas
727 2608 966 2670 quoniam
1001 2620 1179 2669 poenas
1203 2606 1256 2654 iu
1287 2614 1454 2657 morte
1484 2608 1667 2657 timen-

610 2680 770 2729 dum)
832 2681 999 2731 Lumb.

671 2757 944 2820 Experiere]
965 2758 1071 2806 Seu
1091 2760 1356 2820 expandere
1372 2759 1530 2822 legas,
1551 2773 1669 2822 per·

606 2832 730 2881 inde
753 2840 852 2881 est.
924 2834 1118 2883 Creech.

671 2909 769 2955 780
805 2908 1054 2962 Quaeritur
1081 2910 1133 2957 in
1159 2908 1346 2971 primis,
1365 2924 1527 2972 quare,
1545 2912 1668 2973 quod

606 2983 802 3047 quoique
840 2984 988 3033 libido
1025 2984 1238 3048 Venerit,
1277 2987 1508 3048 extemplo
1539 2991 1667 3036 mens

603 3058 804 3121 cogitet]
838 3059 923 3108 Sic
941 3060 1018 3108 M.
1033 3061 1166 3109 Tull.
1190 3060 1422 3110 oratione
1445 3076 1539 3124 pro
1562 3062 1665 3111 Mi-

603 3136 722 3185 lone
739 3151 755 3184 :
789 3137 804 3163 ‘
827 3137 1032 3201 Fingite
1055 3137 1253 3186 animis.
1298 3136 1501 3187 Liberae
1524 3140 1661 3189 enim

603 3222 726 3263 sunt
743 3215 1085 3277 cogitationes
1101 3222 1325 3263 nostrae:
1359 3222 1419 3263 et
1435 3229 1552 3278 quae
1575 3230 1663 3263 vo-

601 3290 738 3351 lunt,
776 3291 853 3339 sic
893 3292 1176 3351 intuentur,
1209 3298 1271 3339 ut
1306 3305 1368 3339 ea
1403 3293 1661 3341 cernimus

601 3380 716 3428 quae
757 3365 1007 3415 videmus.
1075 3366 1278 3427 Fingite
1319 3366 1479 3428 igitur
1519 3369 1660 3431 cogi-

601 3440 798 3489 tatione
843 3441 1116 3503 imaginem
1155 3440 1305 3503 hujus
1345 3443 1661 3493 conditionis

598 3515 764 3566 meae.'
787 3516 934 3564 Idem
952 3513 1179 3564 lib.l.de
1198 3515 1441 3567 N.Deor.
1467 3520 1483 3546 ‘
1500 3518 1662 3580 Chry-

597 3591 796 3654 sippus,
818 3592 905 3654 qui
928 3590 1220 3639 Stoicorum
1240 3592 1546 3640 somniorum
1571 3608 1659 3641 va·

597 3664 836 3715 ferrimus
868 3665 1088 3714 habetur
1127 3665 1398 3729 interpres,
1419 3681 1657 3730 magnam

598 3740 802 3789 turbam
855 3747 1139 3805 congregat
1184 3739 1476 3802 ignotorum
1521 3743 1657 3792 Deo-

595 3830 728 3877 rum,
749 3822 904 3879 atque
937 3817 1011 3865 ita
1045 3816 1356 3879 ignotorum,
1380 3826 1438 3867 ut
1467 3833 1554 3867 eos
1589 3816 1655 3869 ne

596 3891 904 3954 conjectura
939 3892 1145 3955 quidem
1179 3890 1458 3944 informare
1496 3896 1654 3957 possi-

592 3981 726 4029 mus,
748 3983 863 4017 cum
887 3982 1031 4018 mens
1053 3977 1228 4019 nostra
1249 3970 1450 4033 quidvis
1483 3971 1654 4021 videa-

593 4049 680 4091 tur
733 4044 1050 4107 cogitatione
1123 4059 1278 4107 posse
1349 4044 1653 4110 depingere.

592 4117 726 4166 Haec
751 4120 992 4181 quaestio,
1016 4135 1174 4182 quare
1209 4121 1346 4184 quod
1383 4123 1568 4186 cuique
1593 4124 1650 4171 li-

591 4193 780 4254 buerit,
813 4194 863 4241 id
905 4196 1120 4257 cogitet,
1142 4212 1260 4245 cum
1300 4198 1552 4259 cogitatio
1586 4201 1653 4247 si·

1591 428 1987 477 vammum
2038 428 2115 477 m

1754 572 1910 635 rior-e,
1937 572 2269 637 quamobrem
2304 570 2579 621 simulacra
2612 565 2809 621 moveri

1754 647 2045 699 videantur.
2109 647 2295 712 Itaque
2312 648 2517 712 utrique
2538 647 2809 712 quaestioni

1752 722 1933 773 eadem
1956 738 2115 786 opera
2134 722 2452 785 responden
2486 721 2579 771 sed
2594 721 2811 785 Peripa·

1754 799 2029 847 teticorum
2062 806 2221 862 atque
2254 798 2683 847 Academicorum
2722 810 2811 846 ve·

1754 879 1919 923 terum
1943 888 2105 936 more,
2126 875 2213 938 qui
2236 873 2300 923 ad
2326 874 2644 938 propositam
2670 886 2811 935 quae·

1751 950 1974 999 ationem
1996 958 2051 999 et
2072 950 2137 999 ad
2162 950 2542 1012 interrogatum
2576 946 2809 1011 pluribus

1751 1024 1935 1085 modis,
1956 1024 2105 1087 qnasi
2126 1024 2445 1084 dubitantes,
2469 1032 2525 1072 et
2554 1022 2655 1071 sibi
2676 1020 2809 1070 diffi-

1752 1100 1950 1159 dentes,
1970 1099 2383 1163 respondebant:
2422 1106 2477 1148 et
2499 1108 2671 1147 tamen
2693 1111 2811 1161 pos·-

1752 1182 1915 1223 tremo
1953 1176 2085 1237 loco,
2104 1190 2255 1239 qnam
2292 1176 2606 1224 sententiam
2638 1182 2695 1222 et
2729 1186 2811 1221 ra·

1750 1251 1941 1300 tionem
1980 1251 2143 1314 magis
2179 1250 2490 1313 probabant,
2514 1248 2812 1313 ponebant!

1750 1324 1835 1375 Sic
1856 1326 2015 1389 igitur
2038 1327 2310 1377 Lucretius
2331 1329 2427 1375 hoc
2455 1327 2591 1375 loco.
2656 1328 2812 1378 Quae-

1753 1400 1885 1451 ritur
1914 1400 2133 1467 (inquit)
2168 1416 2346 1466 quare,
2368 1399 2507 1465 qnod
2529 1401 2715 1465 cuique
2750 1401 2811 1449 li·

1752 1475 1939 1535 buerit,
1975 1476 2196 1539 idipsum
2234 1476 2481 1525 continuo
2520 1488 2663 1523 mens
2696 1476 2810 1539 ejus

1751 1554 1968 1617 cogitet.
2035 1553 2120 1602 An
2156 1553 2279 1618 quia
2313 1554 2589 1602 simulacra
2632 1562 2811 1603 nostro

1752 1628 2009 1677 arbitratu
2031 1629 2097 1677 ad
2120 1644 2213 1678 nos
2240 1637 2538 1691 accurrunt,
2560 1629 2811 1694 nobisque

1752 1703 2137 1767 obtemperant,
2160 1718 2277 1753 cum
2298 1705 2367 1753 de
2392 1718 2450 1753 re
2482 1705 2653 1767 aliqua
2672 1705 2811 1767 cogi-

1751 1782 1865 1828 tare
1888 1780 2153 1829 volumus?
2190 1794 2253 1828 an
2279 1781 2453 1843 potius
2486 1780 2606 1844 quia
2628 1782 2681 1828 in
2706 1794 2807 1829 uno

1751 1864 1987 1916 tempore
2021 1855 2179 1903 multa
2210 1855 2523 1904 delitescunt
2556 1861 2812 1917 tempora,

1750 1943 1867 1992 quae
1894 1943 1994 1978 non
2016 1930 2117 1978 nisi
2138 1930 2339 1979 ratione
2370 1945 2483 1981 esse
2512 1932 2811 1993 intelligun-

1749 2005 1869 2053 tur?
1934 2003 2110 2068 Atque
2150 2006 2341 2055 iccirco
2387 2006 2469 2067 fit,
2512 2012 2573 2055 ut
2624 2008 2809 2071 quovis

1750 2090 1985 2143 tempore
2004 2091 2061 2130 et
2082 2081 2345 2144 quibusvis
2377 2082 2430 2130 iu
2460 2082 2584 2131 locis
2606 2083 2811 2134 simnia·

1748 2169 1839 2205 cra
1860 2164 2053 2219 praesto
2073 2157 2193 2218 sint,
2216 2166 2369 2221 atque
2402 2157 2468 2205 ad
2492 2166 2667 2207 nutum
2690 2173 2809 2207 nos-

1747 2239 1881 2280 trum
1916 2239 2099 2293 parata
2131 2232 2277 2281 nobis
2307 2232 2583 2283 assistant?
2648 2232 2807 2284 Hanc

1746 2305 1815 2355 de
1853 2306 2181 2369 imaginibus,
2214 2313 2273 2356 et
2308 2307 2377 2356 de
2420 2308 2683 2369 cogitandi
2708 2324 2809 2373 per

1745 2380 2019 2441 imaginum
2042 2382 2314 2444 appulsum
2354 2384 2571 2443 ratione,
2592 2384 2807 2447 Epicuri

1744 2458 2058 2507 seutentiam
2098 2458 2285 2507 irridet
2328 2466 2384 2508 et
2422 2460 2684 2523 improbat
2724 2462 2803 2511 M.

1741 2532 1874 2581 Tull.
1898 2533 2069 2595 Epist.
2092 2534 2311 2597 quadam
2346 2533 2412 2583 ad
2446 2536 2679 2585 Cassium
2710 2535 2804 2585 lib.

1745 2613 1825 2658 15.
1850 2610 2019 2673 Epist.
2038 2610 2118 2659 bis
2140 2611 2343 2659 verbis:
2378 2612 2394 2639 ‘
2416 2612 2505 2661 Fit
2538 2613 2673 2661 enim
2710 2626 2805 2661 ue-

1742 2685 1851 2734 scio
1872 2685 2149 2749 quomodo,
2180 2692 2239 2735 ut
2258 2687 2401 2750 quasi
2422 2702 2596 2736 coram
2618 2688 2803 2738 adesse

1740 2758 1970 2820 videare,
2008 2774 2125 2809 cum
2168 2760 2338 2809 scribo
2377 2761 2573 2825 aliquid
2612 2762 2679 2811 ad
2714 2772 2765 2811 te
2784 2778 2801 2812 ε

1739 2847 1910 2897 neque
1928 2834 1981 2883 id
2002 2835 2107 2883 κατ’
2128 2835 2331 2884 ἄδωλων
2350 2836 2627 2899 φαντασίας,
2644 2838 2700 2887 nt
2714 2837 2800 2886 ‘di-

1740 2917 1867 2960 cunt
1880 2911 1957 2959 tui
1974 2910 2125 2960 amici
2146 2912 2263 2959 novi
2280 2928 2293 2961 ε
2332 2913 2419 2976 qui
2439 2919 2627 2976 putant
2641 2912 2799 2962 etiam

1738 2985 2031 3045 διανοητικὰ,
2060 2985 2325 3047 φαντασίαν
2357 2988 2580 3050 spectris
2621 2988 2803 3038 Catia-

1738 3062 1817 3109 nis
1838 3062 2075 3111 excitari.
2142 3062 2278 3111 Nem
2301 3077 2368 3112 ne
2406 3070 2458 3113 te
2490 3061 2678 3127 fugiat,
2702 3065 2805 3114 Ca·

1740 3136 1841 3186 tius
1886 3137 2107 3186 Insuber
2150 3139 2458 3202 Epicureus,
2498 3140 2587 3203 qui
2628 3152 2801 3203 nuper

1736 3220 1819 3263 est
1866 3222 2116 3274 mortuus,
2158 3230 2275 3279 quae
2328 3215 2421 3264 ille
2474 3216 2801 3279 Gargettius,

1736 3291 1895 3340 etiam
1934 3299 2058 3340 ante
2102 3292 2458 3354 Democritus,
2488 3292 2674 3353 εἴδωλα,
2710 3294 2797 3344 bic

1736 3373 1947 3429 spectra
1978 3366 2229 3417 nominat.
2296 3368 2396 3416 His
2432 3376 2608 3417 autem
2648 3384 2801 3432 spec·

1738 3442 1831 3490 tris
1844 3444 2003 3491 etiam
2020 3442 2062 3491 si
2081 3443 2217 3491 oculi
2236 3452 2446 3506 possent
2460 3442 2627 3507 feriri,
2640 3444 2799 3509 qnod,

1735 3531 1851 3566 cum
1874 3519 2106 3581 velimuS,
2128 3518 2243 3581 ipsa
2276 3527 2573 3581 accurrunt,
2596 3520 2795 3570 animus

1736 3597 1823 3657 qui
1846 3595 2027 3657 possit,
2049 3609 2149 3658 ego
2173 3609 2274 3645 nou
2300 3597 2480 3648 video:
2511 3596 2702 3648 doceas
2732 3606 2794 3647 tu

1731 3684 1814 3719 me
1847 3670 2129 3732 oportebit,
2148 3684 2267 3719 cnm
2302 3673 2475 3721 salvus
2496 3674 2715 3736 veneris,
2738 3673 2792 3722 in

1731 3760 1915 3793 meane
1940 3751 2200 3808 potestate
2236 3746 2305 3797 sit
2338 3756 2603 3811 spectrum
2628 3758 2793 3811 tuum,

1730 3830 1806 3884 ut,
1826 3822 2133 3886 simulatque
2164 3823 2289 3871 mihi
2324 3825 2613 3874 collibitum
2635 3825 2704 3875 sit
2724 3826 2790 3874 de

1731 3903 1786 3945 te
1826 3896 2079 3959 cogitare,
2124 3898 2248 3946 illud
2294 3907 2573 3950 accurrat:
2622 3916 2789 3965 neque

1727 3972 1887 4020 solum
1925 3970 1991 4019 de
2035 3980 2108 4032 te,
2136 3973 2223 4036 qui
2263 3975 2387 4023 mihi
2422 3975 2589 4025 hoeres
2610 3978 2665 4025 in
2686 3992 2793 4027 me-

1725 4046 1896 4108 dullis,
1918 4046 2008 4094 sed
2026 4048 2069 4095 si
2092 4047 2308 4097 insulam
2332 4052 2653 4102 Britanniam
2686 4069 2788 4103 eoe-

1724 4136 1850 4184 pero
1884 4124 2133 4186 cogitare,
2164 4125 2278 4188 ejus
2314 4127 2507 4176 εἴδωλον
2538 4130 2659 4178 milii
2694 4130 2784 4178 ad-

1724 4200 1867 4247 volet
1900 4200 1965 4247 ad
2002 4200 2223 4262 pectus?
2254 4202 2403 4251 Idem
2436 4205 2527 4253 lib.
2555 4208 2600 4253 1.
2622 4205 2689 4255 de
2716 4206 2782 4254 N.

588 4269 828 4319 mulacris
861 4268 1142 4333 excitetur,
1171 4272 1369 4333 pendet
1401 4288 1467 4321 ex
1501 4288 1657 4337 supe*
1721 4273 1878 4323 Deor-
1900 4277 1916 4303 ‘
1940 4276 2075 4327 Quid
2098 4276 2236 4341 quod
2266 4279 2419 4330 simul
2454 4295 2515 4329 ac
2540 4284 2659 4330 mini
2684 4283 2791 4331 ool·
