3200 4959
541 404 714 491 157'2

537 588 592 636 in
615 586 764 650 eoelo,
783 583 870 650 (ut
907 581 924 612 ‘
939 581 1076 632 endo
1097 582 1268 632 statu'
1308 589 1364 632 et
1385 587 1597 633 centum

537 664 638 712 alia
659 659 892 726 passim,)
927 659 1016 708 sed
1057 675 1174 709 curn
1212 674 1368 722 supra
1401 657 1460 707 τὸ
1481 660 1600 707 endo

539 738 770 790 additum
811 744 950 786 esset
995 737 1248 798 glossema
1293 749 1372 799 us,
1419 735 1599 798 sicque

537 815 873 866 remansisset
919 827 1095 862 versus
1132 811 1307 870 ἀτελὴς
1341 820 1401 862 et
1445 815 1598 877 plane

537 893 770 953 vitiosus,
807 892 982 953 Ecquoe
1009 887 1144 948 forte
1180 893 1338 941 Deum
1369 893 1422 940 in
1455 894 1596 957 polis,

538 968 748 1032 abjecto
799 968 1128 1030 glossemate,
1171 973 1226 1016 et
1265 976 1450 1032 metro,
1493 985 1596 1020 non

536 1044 832 1105 sententie,
865 1042 1212 1104 consulentes,
1235 1045 1492 1107 scripsere
1513 1059 1598 1095 no-

538 1121 628 1184 bis,
647 1119 786 1184 quod
805 1134 901 1183 per
920 1119 1154 1182 παρέλκειν
1173 1118 1410 1171 Atticum
1435 1123 1598 1172 tutari

535 1199 706 1248 locum
723 1211 868 1247 suum
888 1211 987 1246 non
1011 1202 1187 1260 potest
1206 1213 1222 1258 ς
1244 1213 1380 1260 nam,
1411 1204 1468 1248 ut
1483 1198 1596 1261 jam

539 1273 666 1336 dixi,
699 1275 780 1323 vel
805 1275 1020 1329 nomine,
1044 1289 1191 1338 opus,
1231 1275 1311 1324 vel
1347 1275 1600 1325 adverbio

538 1354 635 1406 est,
659 1348 794 1413 quod
817 1348 1052 1412 ἀναφορὰν
1071 1365 1215 1399 snam
1240 1350 1306 1398 ad
1347 1349 1365 1378 ‘
1378 1353 1564 1400 coelum
1580 1351 1597 1375 ’

536 1425 758 1487 babeatg
800 1425 1010 1490 alioqui,
1051 1429 1151 1476 dcc.
1219 1428 1464 1476 Ceterum
1499 1428 1600 1477 etsi

537 1501 954 1566 emendationem
987 1515 1176 1552 vocare
1197 1516 1298 1552 non
1324 1505 1502 1567 ausim,
1524 1512 1599 1555 ta-

537 1590 654 1626 men
693 1579 773 1626 ita
815 1577 926 1626 fore
971 1577 1216 1640 arbitror,
1267 1584 1328 1628 ut
1365 1580 1598 1630 homines

535 1653 774 1703 lectionis
832 1653 1159 1702 Lucretianae
1214 1653 1449 1718 studiosi,
1494 1671 1598 1706 non

537 1727 693 1777 modo
735 1729 1092 1790 conjecturam
1139 1743 1244 1779 non
1289 1731 1600 1796 improbent,

537 1803 626 1853 sed
651 1811 706 1852 et
727 1803 953 1853 libenter
974 1804 1078 1854 sint
1095 1806 1404 1868 amplexui-i.
1425 1807 1598 1859 Faber.

605 1884 730 1930 1207
759 1883 914 1944 Caput
923 1881 1131 1944 erigere]
1151 1881 1322 1943 Caput
1337 1883 1598 1934 attollere.

534 1957 624 2008 Sic
658 1971 772 2021 sup.
810 1956 877 2006 de
916 1957 1181 2020 religione,
1205 1962 1249 2006 1.
1281 1962 1365 2008 65.
1432 1958 1596 2010 ‘Quas

537 2039 702 2096 caput
739 2047 770 2081 a
806 2033 924 2082 caeli
965 2032 1258 2096 regionibus
1287 2033 1599 2084 ostendebat

539 2109 796 2158 Horribili
830 2123 986 2172 snper
1017 2109 1276 2172 adspectu
1297 2110 1599 2161 mortalibus

540 2183 782 2233 instans!
815 2184 982 2233 Lamb.
1389 2246 1392 2251 Ι

602 2258 744 2322 Infit]
765 2258 977 2320 Incipit,
995 2266 1054 2308 ut
1071 2275 1186 2322 sup.
1211 2263 1259 2310 3.
1277 2265 1393 2309 514.
1416 2261 1433 2288 ‘
1447 2261 1598 2311 Com-

536 2340 741 2382 mutare
764 2333 986 2382 animum
1022 2336 1334 2398 quicumque
1365 2338 1596 2386 adoritur

539 2415 595 2459 et
618 2407 771 2458 infit!
803 2409 970 2456 Lamb-

604 2487 735 2532 1208
781 2485 956 2545 Ecquoe
993 2484 1146 2546 forte,
1191 2485 1297 2546 Qu]
1353 2486 1600 2537 Pendeat

535 2559 652 2608 liaec
675 2572 740 2605 ex
764 2557 824 2606 iis
847 2572 963 2621 quae
991 2559 1336 2609 antecedunt:
1362 2560 1452 2610 illa
1473 2575 1600 2612 cura

538 2631 756 2697 (inquit)
787 2633 804 2660 ‘
821 2641 982 2697 caput
1002 2635 1236 2698 erigere,’-
1272 2637 1307 2687 i.
1329 2652 1376 2688 e.
1401 2638 1598 2688 animos

537 2710 800 2759 immitium
821 2712 1106 2762 sollicitare
1131 2713 1336 2777 incipit,
1357 2729 1478 2764 num
1497 2714 1600 2766 for-

537 2794 594 2836 te
645 2787 818 2852 aliqua
857 2788 924 2836 sit
968 2789 1195 2839 Deorum
1235 2797 1467 2854 potestas
1509 2793 1603 2841 im-

535 2875 734 2923 mensa,
755 2878 870 2926 quse
887 2863 1132 2913 mundum
1149 2867 1420 2928 gubernet.
1432 2868 1598 2918 [Δηώ.

536 2937 646 2986 Pro
665 2938 797 2986 nobis
830 2939 1000 2988 Faber
1032 2940 1298 2991 substituit
1330 2945 1605 3007 endopelis,

537 3013 594 3061 in
629 3013 788 3062 caelis.
855 3014 956 3063 Sed
982 3015 1082 3064 ista
1103 3017 1346 3066 audacior
1367 3025 1446 3067 est
1477 3033 1600 3068 con-

532 3089 759 3153 jectura,
782 3092 874 3140 etss‘
893 3091 1022 3168 tibis
1046 3092 1062 3120 ‘
1082 3093 1217 3154 sibi,'
1233 3096 1249 3123 ⁴
1270 3095 1455 3156 vobiS,'
1475 3095 1491 3123 ‘
1508 3111 1598 3146 no-

538 3165 652 3227 bis,’
671 3169 768 3216 &c.
787 3183 882 3232 pro
903 3168 1054 3218 libitu
1077 3169 1376 3221 inserebant
1392 3179 1600 3221 veteres

537 3242 730 3306 poetae.
773 3245 964 3294 Creech.

605 3322 734 3366 1210
755 3320 978 3368 Rationis
992 3321 1198 3384 egestas]
1219 3321 1487 3386 Ignoratio
1517 3337 1600 3371 τευ

541 3392 696 3442 tionis
720 3401 776 3442 et
799 3409 990 3444 causae.
1025 3396 1194 3444 Lamo.

605 3474 732 3518 1211
768 3472 1076 3534 Ecquaenam]
1110 3473 1251 3521 Num
1287 3474 1488 3538 aliqua:
1541 3481 1603 3525 nt

539 3549 589 3593 1.
609 3549 722 3594 951.
755 3546 942 3595 ‘Nunc
978 3561 1104 3609 age3
1145 3550 1360 3596 summai
1393 3563 1598 3613 ecquae·

536 3633 656 3666 nam
681 3619 750 3667 sit
768 3620 884 3668 linis
907 3621 1121 3681 eorum,'
1143 3625 1242 3671 ὅτε.
1275 3623 1438 3672 Lamo.

606 3697 734 3740 1212
760 3693 920 3755 Quod]
960 3696 1138 3758 Usque
1159 3697 1226 3745 ad
1252 3713 1402 3762 quem
1425 3698 1598 3750 finem.

607 3848 732 3894 1213
759 3845 828 3892 Et
851 3846 976 3894 tanti
996 3851 1170 3909 motus,
1186 3847 1294 3912 esa]
1316 3849 1400 3898 Sic
1422 3851 1596 3912 legen-

541 3921 664 3970 dum
712 3920 896 3984 potius.
941 3928 996 3970 et
1041 3923 1114 3970 ita
1149 3923 1344 3973 habent
1387 3925 1596 3976 codices

539 4004 760 4060 quatuor
775 3998 1136 4061 manuscripti,
1154 4001 1456 4063 quibuscum
1475 4016 1595 4051 con-

542 4071 771 4120 sentiunt
805 4073 1146 4136 Parisienses,
1183 4074 1431 4138 Vicetini,
1460 4077 1596 4127 Ger-

539 4145 745 4196 manici.
783 4147 837 4194 in
867 4148 980 4196 aliis
1020 4155 1118 4211 est,
1152 4150 1220 4198 Et
1261 4151 1399 4200 taciti
1429 4155 1597 4202 motus.

539 4221 720 4273 Lamb.
781 4221 884 4270 Seu
929 4225 1058 4272 tanti
1099 4225 1262 4288 leges,
1288 4241 1394 4278 ,seu
1437 4228 1596 4290 taciti,

540 4298 620 4348 uti
637 4299 692 4348 in
712 4297 824 4348 aliis
857 4297 1122 4350 codicibus
1157 4302 1404 4366 scriptum
1425 4310 1526 4366 est,
1547 4305 1598 4354 ei

1231 439 1448 488 NOTAE
1501 435 1899 488 VARIORUM
1949 434 2028 485 IN

1679 580 1837 630 nihilo
1884 579 2069 630 melius
2120 577 2300 628 fuerit.
2354 592 2473 629 nam
2527 576 2749 631 aliunde

1678 657 1843 706 lnoeret
1866 655 2127 706 sententia
2147 661 2204 705 et
2226 669 2474 728 suspensa
2495 663 2595 708 est.
2658 658 2745 706 En

1679 733 1779 782 tibi
1832 733 1970 783 illius
2022 733 2245 783 seriemt
2290 733 2306 761 ⁶
2332 733 2545 783 Animus
2588 731 2743 783 dubi-:-

1677 814 1757 860 tat
1780 825 1845 860 an
1868 811 2043 874 aliqua
2064 809 2241 858 mundi
2279 809 2423 872 origo
2465 809 2646 869 fuerit,
2682 818 2745 859 et

1680 887 1793 950 quis
1814 887 1883 936 sit
1906 885 2023 935 finis
2062 886 2229 950 quoad
2266 885 2441 934 mundi
2466 886 2652 936 moenia
2674 886 2746 951 (i.

1676 977 1727 1012 e.
1763 963 1977 1026 coelum)
2013 961 2179 1024 possit
2224 959 2362 1010 ferre
2396 974 2473 1010 εἰ·
2508 962 2739 1012 laborem

1677 1037 1811 1087 tanti
1850 1035 2056 1087 motus.’
2112 1037 2253 1098 Lege
2288 1035 2469 1096 mod03
2506 1037 2561 1086 id
2596 1037 2745 1086 enim¹

1677 1114 1721 1163 si
1760 1112 1941 1176 facies,
1978 1113 2147 1162 nullus
2187 1112 2453 1162 dubitabis
2492 1113 2619 1177 quin
2651 1113 2749 1162 hic‘

1675 1191 1818 1240 locus
1837 1188 1979 1240 foede
2000 1197 2277 1253 corruptus
2300 1189 2403 1249 sit3
2437 1189 2565 1257 iilud
2599 1189 2743 1238 enim

1676 1277 1760 1328 ετ,
1784 1265 1919 1328 quod
1944 1280 2012 1315 ex
2036 1266 2293 1328 superiori
2329 1279 2483 1315 versu
2522 1266 2575 1314 in
2597 1266 2747 1315 hune

1678 1342 1985 1391 translatum
2006 1348 2103 1403 est,
2126 1342 2433 1390 sententiam
2450 1343 2606 1404 plane
2626 1349 2743 1402 turf-

1677 1414 1791 1466 bat.
1855 1416 1967 1478 Ego
1988 1423 2161 1464 autem
2192 1417 2267 1464 sic
2293 1416 2573 1479 legendum
2598 1416 2743 1465 arbi«

1679 1496 1809 1553 tror,
1831 1491 1977 1540 Hunc
1998 1491 2124 1540 tanti
2143 1496 2297 1540 motus
2324 1493 2503 1554 possint
2532 1492 2745 1556 sufferre

1676 1565 1896 1617 laborem.
1964 1567 2051 1617 Ita
2072 1581 2191 1617 mox
2227 1567 2281 1616 in
2312 1567 2411 1617 hoc
2445 1569 2559 1632 ipso
2582 1569 2743 1630 libro,

1676 1642 1693 1669 ‘
1714 1643 1830 1692 Nec
1856 1647 2062 1705 poterat
2084 1642 2282 1706 pariter
2310 1643 2493 1692 durum
2516 1641 2747 1698 sufferre

1676 1715 1937 1766 laborem.'
1968 1722 2025 1766 et
2058 1717 2153 1766 sub
2177 1716 2350 1780 finem,
2372 1722 2489 1767 358.
2522 1718 2741 1784 ‘Atque

1674 1791 1776 1855 ipsi
1802 1791 1971 1854 potius
2008 1791 2193 1840 durum
2228 1790 2443 1842 sufferre
2464 1793 2745 1848 laborem-f

1676 1873 1731 1916 et
1764 1868 1885 1916 Ter.
1922 1867 2027 1916 tale
2067 1867 2281 1931 aliquid,
2319 1867 2457 1918 And.
2485 1875 2533 1918 5.
2575 1875 2623 1926 3,
2656 1875 2747 1920 1⁷ae

1674 1943 1691 1971 ‘
1710 1942 1801 1993 An
1812 1957 1917 2014 ‘pro
1940 1948 2051 2007 ejus
2075 1951 2133 1993 ut
2167 1944 2391 1995 stultitia
2422 1947 2742 2010 supplicium

1674 2020 1947 2072 sufferam-⁹
1966 2021 2193 2072 fortasse
2212 2023 2367 2076 etiam
2386 2025 2461 2074 ita
2480 2025 2535 2075 in
2557 2030 2601 2076 1.
2622 2025 2745 2079 142-

1673 2099 1689 2126 ‘
1712 2100 1944 2165 quemvis
2008 2097 2229 2148 sufferre
2282 2100 2543 2154 laborem!
2628 2095 2743 2154 Ubi

1674 2174 1829 2223 hodie
1848 2174 1935 2223 alii
1954 2173 2168 2237 perferre
2203 2175 2407 2238 legunt,
2440 2178 2527 2226 alii
2548 2177 2741 2242 efferre.

1672 2249 1860 2300 Faber.

1738 2331 1867 2376 1217
1904 2327 2170 2390 Preterea,
2205 2329 2286 2378 cui
2321 2344 2437 2391 non,
2472 2328 2577 2392 qua]
2611 2329 2741 2380 Alia

1674 2402 1897 2466 denique
1941 2402 2199 2465 religionis
2238 2417 2393 2454 causa
2435 2412 2517 2456 est
2559 2406 2737 2464 timor,

1675 2489 1778 2528 vss.
1812 2481 1896 2528 23.
1932 2481 2195 2544 procellis,
2228 2485 2571 2544 terras-motu,
2596 2483 2737 2531 aliis-

1675 2566 1777 2616 que
1798 2555 2031 2603 maximis
2054 2555 2223 2617 malis,
2241 2570 2359 2620 quae
2381 2555 2525 2606 nulla
2550 2553 2646 2606 sna'
2667 2559 2741 2620 vi,

1675 2631 1817 2680 nulla
1840 2639 1955 2681 arte
1974 2639 2064 2682 ant
2082 2632 2341 2682 industria
2374 2634 2595 2684 eluctari
2618 2649 2741 2698 pos-

1675 2714 1797 2756 sunt
1820 2707 2049 2757 homines
2067 2708 2298 2768 attoniti,
2319 2714 2635 2772 potestatum
2659 2711 2743 2760 in‘

1674 2779 1951 2832 visibilium
1973 2796 2123 2846 opem
2142 2790 2201 2836 et
2220 2783 2471 2834 anxi-lium
2493 2785 2739 2849 implora-2

1676 2857 1836 2918 baut;
1868 2858 1989 2909 inde
2033 2872 2217 2921 preces
2254 2865 2311 2908 et
2344 2865 2487 2922 vota,
2506 2867 2567 2912 et
2589 2861 2739 2911 ‘Pri-

1673 2950 1787 2985 mus
1820 2937 1873 2985 in
1906 2935 2033 2986 orbe
2054 2937 2196 2986 Deos
2235 2936 2363 2987 fecit
2402 2938 2595 2989 timer?
2656 2939 2741 2989 Ate

1674 3011 1796 3074 quid
1822 3011 1991 3062 valent
2019 3013 2171 3062 vota?
2206 3014 2357 3062 soevit
2390 3013 2737 3079 Ventus,pre-

1674 3102 1759 3136 ces
1796 3087 1947 3137 simui
1984 3095 2041 3137 et
2081 3089 2197 3138 vela
2233 3089 2394 3153 rapit,
2434 3103 2533 3140 nec
2566 3091 2735 3154 magis
2830 3088 2834 3090 ’

1674 3162 1890 3212 audiunt
1944 3165 2151 3215 numina
2202 3179 2354 3230 quam
2412 3172 2695 3230 tempestas
2714 3184 2735 3216 ε

1674 3253 1799 3288 casu
1870 3238 2125 3302 feruntur,
2194 3241 2472 3304 rapiuntur
2538 3243 2735 3294 omnia.

1676 3314 1868 3363 (ἲν-θεολ.

1740 3394 1869 3439 1218
1901 3389 2195 3454 Com-want]
2230 3391 2639 3457 Contrahnntur,
2676 3401 2737 3446 et

1672 3468 1725 3517 in
1750 3483 1905 3518 unum
1929 3475 2199 3532 coguntur.
2231 3469 2443 3522 tralatio
2472 3477 2557 3520 est
2578 3472 2737 3520 mira-

1672 3545 1809 3607 bilis,
1846 3551 1903 3594 et
1940 3545 2125 3594 audax.
2160 3544 2397 3596 .1dcirco
2438 3547 2578 3596 docti
2616 3549 2731 3612 qui-

1673 3620 1793 3672 dam
1814 3621 2091 3685 legendum
2111 3628 2331 3672 censent
2357 3625 2651 3684 horrescunt,
2670 3631 2735 3672 ut

1670 3694 1791 3744 infr.
1812 3701 1861 3747 6.
1884 3701 1999 3746 26⁰.
2033 3701 2049 3724 ‘
2063 3697 2127 3747 In
2148 3705 2291 3748 terra
2310 3713 2513 3764 quoque
2533 3704 2591 3748 ut
2609 3698 2732 3747 hor·

1672 3779 1899 3836 rescant,
1940 3787 2001 3822 ac
2046 3778 2187 3823 tecta
2232 3773 2536 3838 requirant?
2610 3775 2731 3838 Ego

1672 3849 1799 3898 nihil
1816 3851 2119 3901 mutandum
2138 3865 2345 3902 censeo.
2362 3852 2529 3902 Lumb.
2592 3853 2733 3902 Rec-

1676 3930 1727 3973 te
1764 3927 1945 3976 Lamb.
1978 3927 2032 3974 in
2071 3926 2286 3977 horrore
2322 3929 2459 3977 enim
2496 3928 2737 3978 membra

1672 4001 1816 4063 quasi
1836 4007 2105 4051 contracta
2142 4003 2392 4052 vermium
2430 4017 2573 4054 more
2606 4017 2732 4053 con-

1672 4088 1857 4139 repere
1872 4077 2037 4138 ‘dicit3
2080 4079 2165 4128 cui
2202 4093 2305 4128 nos.
2330 4080 2551 4130 similem
2583 4081 2641 4132 in
2662 4082 2732 4130 ti-

1670 4165 1816 4202 more
1837 4153 2083 4203 habemus
2114 4154 2447 4217 locutionem,
2478 4169 2591 4219 mys
2620 4156 2732 4205 liert

1671 4227 1847 4290 krimpt
1870 4228 1938 4278 ’er
1957 4243 2050 4278 van
2074 4231 2141 4280 in.
2173 4229 2321 4278 Idem
2345 4245 2465 4280 mox
2486 4245 2562 4281 vs.
2578 4234 2733 4283 1221.

1672 4308 1729 4353 et
1747 4307 1891 4354 1222.
1899 4305 2110 4368 jungit‘
2132 4311 2363 4358 tremunt
2375 4306 2389 4330 '
2404 4314 2461 4357 et
2474 4309 2489 4334 ‘
2500 4307 2731 4371 conripi-
