3200 4959
572 401 750 469 1474
1270 415 1483 462 no'rAE
1534 413 1936 462 umorum
1987 415 2066 471 m

572 559 743 623 pertin,
758 561 1001 622 reponat.
1033 555 1199 607 meb.
1265 555 1449 619 Hisque
1480 568 1642 618 reper-

580 637 661 686 tis.
726 635 813 684 lta
834 641 942 684 vet.
966 634 1100 684 libri.
1148 631 1317 692 Gifau.

595 761 601 768 ,
642 715 671 760 3
711 711 809 766 Qui
833 709 1035 770 fundere
1053 708 1239 770 lauder]
1277 706 1417 756 Libri
1443 707 1644 769 aliquot

576 801 836 836 manuscr.
860 785 1056 835 habent
1077 783 1407 848 quisfingere,
1430 789 1520 831 aut
1538 781 1646 844 quis

564 865 788 928 findere.-
812 862 1062 923 nonnulli,
1091 861 1198 923 quis
1221 859 1411 924 figere:
1448 859 1646 920 vulgati

577 941 771 1003 partim
794 940 900 1002 quin
926 937 1151 998 fundere,
1188 936 1380 998 partim
1422 936 1502 997 qui
1523 935 1645 994 fun·

575 1017 701 1074 dere,
720 1030 834 1080 quae
856 1015 1129 1077 scriptura·
1148 1027 1323 1063 omnes
1343 1012 1643 1074 depravatae

577 1090 841 1152 videntur,
872 1090 972 1140 nisi
1005 1088 1141 1140 forte
1176 1087 1481 1153 quisundere
1520 1088 1644 1136 reti-

578 1167 803 1216 nendum
860 1174 957 1217 est.
1024 1166 1161 1216 Nam
1220 1166 1440 1228 primum
1494 1166 1646 1226 illud,

574 1243 591 1270 ⁸
615 1242 810 1293 Quisve
834 1242 973 1290 valet
996 1241 1167 1290 verbis
1192 1245 1429 1300 tantum‚’
1472 1253 1567 1302 per
1588 1253 1644 1287 se

572 1318 825 1382 punitum,
860 1332 1049 1367 novum
1092 1324 1150 1366 et
1192 1316 1497 1364 inusitatum
1532 1321 1642 1364 est:

578 1393 740 1442 debet
792 1392 927 1442 enim
972 1392 1213 1456 subsequi
1268 1391 1460 1454 aliquid
1518 1393 1644 1453 tale,

576 1471 671 1518 ‘ut
726 1468 840 1530 ejus
880 1467 1060 1516 laudes
1104 1466 1405 1516 describere
1450 1465 1646 1529 possit,'

578 1549 671 1591 aut
714 1543 977 1606 quippiam
1021 1540 1160 1590 aliud
1212 1542 1398 1591 simile.
1455 1541 1644 1590 deinde

578 1619 679 1666 hoc
704 1625 890 1676 totum,
914 1616 1220 1681 quisfingere
1242 1619 1418 1677 laudes,
1434 1621 1514 1680 &a
1539 1633 1644 1669 non

574 1693 837 1750 ,sincerum
854 1700 1019 1742 sonat.
1037 1692 1297 1754 siguificat
1320 1694 1474 1750 enim,
1492 1708 1642 1742 veras

576 1767 757 1818 laudes
782 1782 883 1816 non
918 1767 1135 1829 futuras.
1204 1767 1278 1816 At
1314 1783 1485 1815 nonne
1521 1769 1643 1817 ridi-

578 1843 753 1892 culum
778 1851 862 1892 est
887 1841 1119 1905 profiteri
1157 1857 1213 1890 se
1252 1843 1475 1905 aliquem
1498 1842 1643 1894 falsis

576 1922 815 1972 laudibus
871 1936 1059 1972 ornare
1114 1922 1283 1970 velle?
1340 1921 1473 1970 Haec
1522 1937 1641 1973 cum

572 2012 781 2046 mecum
804 1999 915 2060 ipse
950 1997 1353 2057 considerarem,
1379 1998 1640 2046 existima·

572 2073 695 2124 bam
731 2075 807 2122 sic
846 2075 1111 2136 aptissime
1152 2083 1204 2121 et
1229 2074 1642 2124 commodissime

570 2165 733 2213 posse
753 2152 874 2213 legi,
900 2151 1077 2206 Quisve
1098 2151 1221 2198 valet
1247 2150 1401 2198 verbis
1432 2156 1641 2214 tantum,

578 2231 632 2274 ut
660 2227 913 2286 depingere
934 2226 1113 2282 laudes,
1154 2227 1233 2285 &a
1264 2224 1363 2284 vel,
1390 2230 1445 2272 ut
1466 2226 1642 2274 descri-

576 2301 879 2362 berelaudes,
900 2304 983 2363 &a
1048 2299 1149 2348 Sed
1174 2315 1290 2348 cum
1328 2300 1407 2348 11ae
1442 2303 1642 2364 conjec-

574 2384 711 2430 turoe
736 2375 947 2424 nimium
971 2377 1122 2437 longe
1145 2374 1401 2424 distarent
1420 2390 1451 2424 a
1477 2378 1642 2438 scrip·

574 2458 698 2500 tura
732 2460 787 2500 et
812 2452 1023 2513 vulgata
1056 2457 1111 2500 et
1143 2452 1377 2514 antiqua,
1404 2459 1640 2504 neutram

576 2539 753 2574 earum
778 2539 890 2578 sum
916 2540 1067 2574 ausus
1093 2525 1347 2586 recipere,
1378 2529 1641 2591 maluique

572 2616 733 2656 unam
770 2616 833 2648 ex
877 2601 1098 2664 vulgatis
1140 2602 1272 2649 tueri
1306 2617 1369 2650 ac
1394 2604 1638 2667 retinere,

576 2675 658 2737 qui
698 2675 905 2734 sundere
942 2679 1119 2737 laudea,
1159 2679 1239 2740 ᾇτ’.
1282 2686 1343 2726 ut
1385 2680 1399 2705 ‘
1418 2677 1640 2730 fundere

574 2751 782 2802 laudes'
827 2753 1173 2815 intelligamus
1220 2769 1337 2803 esse
1388 2759 1638 2805 translate

576 2827 795 2892 dictum,
814 2843 917 2890 quo
938 2829 1090 2878 modo
1123 2829 1251 2878 illud
1282 2831 1373 2878 lib.
1401 2835 1447 2878 1.
1486 2833 1501 2858 ‘
1520 2847 1637 2880 sua·

577 2905 685 2952 veis
706 2919 770 2951 ex
796 2919 885 2950 ore
908 2905 1141 2966 loquelas
1160 2905 1339 2953 Funde
1358 2905 1389 2954 ε’
1423 2915 1476 2953 et
1499 2905 1638 2955 infra

579 2993 680 3028 non
729 2981 901 3039 longe,
936 2979 1190 3036 ‘fundere
1227 2979 1389 3028 fata?
1424 2999 1455 3030 a
1490 2983 1636 3031 Cice-

578 3070 723 3118 rone,
755 3062 810 3104 et
828 3056 1089 3114 Terentio,
1124 3062 1181 3105 et
1216 3057 1350 3118 aliia,
1382 3059 1397 3084 ‘
1417 3056 1637 3107 fundere

576 3131 771 3193 verba‚’
787 3136 802 3160 ‘
817 3131 1035 3194 versus,’
1052 3133 1067 3159 ‘
1086 3133 1401 3196 orationem:
1416 3134 1431 3161 ‘
1450 3136 1640 3199 voces}

576 3211 675 3258 &c.
741 3209 891 3258 Licet
913 3210 1069 3258 etiam
1093 3224 1189 3273 per
1213 3225 1293 3258 me
1326 3211 1402 3258 sic
1440 3212 1637 3274 legere,

581 3287 759 3340 Quisve
780 3288 899 3335 valet
925 3291 1111 3335 tantum
1146 3286 1318 3350 verbis,
1353 3293 1409 3336 ut
1430 3287 1640 3346 sundere

575 3361 753 3420 laudes,
776 3363 858 3422 asc.
894 3361 1073 3409 Lamb.
1142 3363 1291 3417 Queio
1318 3363 1515 3424 pingere
1536 3365 1637 3412 lau-

574 3437 674 3484 des.
716 3435 793 3484 ita
838 3436 1139 3498 conjectura
1191 3435 1379 3486 ductus
1434 3439 1641 3502 scripsi.

576 3513 640 3560 In
663 3512 808 3580 libri?
842 3510 982 3562 fere:
1018 3510 1123 3574 quia
1140 3512 1334 3575 fingere
1352 3529 1371 3572 ‚·
1403 3513 1485 3560 vel
1508 3515 1637 3562 utin

578 3587 881 3650 quibusdam
898 3587 1257 3649 vungnndere.
1294 3587 1463 3637 Quam
1484 3588 1638 3649 phra-

576 3663 656 3710 sin
675 3676 776 3710 non
800 3661 1051 3723 intelligo.
1090 3662 1259 3720 Gifan.
1322 3663 1451 3712 Mss,
1487 3663 1640 3712 Codi-

575 3749 663 3782 ces
685 3740 981 3784 constanter
1006 3737 1198 3784 babent
1222 3737 1305 3784 vel
1312 3738 1525 3800 fingere,
1553 3741 1634 3788 vel

562 3809 769 3870 sundere
784 3826 803 3868 ,⁸
852 3810 1095 3860 Gifanius
1142 3816 1313 3862 autem
1360 3813 1635 3875 legendum

570 3886 815 3950 conjecit,
833 3887 1047 3950 pingere.
1090 3887 1152 3935 In
1178 3903 1293 3936 eum
1316 3889 1485 3938 locum
1502 3890 1636 3952 liaec,

574 3977 689 4026 quae
712 3963 778 4012 ad
805 3977 913 4011 rem
930 3961 1145 4026 faciant,
1160 3963 1343 4013 scribit
1359 3965 1634 4029 interpreti,

571 4037 694 4086 dum
720 4038 1047 4103 illudfingere
1069 4039 1369 4102 impugnat:
1394 4040 1408 4066 ⁴
1429 4041 1634 4091 Deinde

572 4113 668 4162 hoc
690 4119 877 4173 totum,
912 4116 1024 4178 quis
1060 4115 1261 4178 fingere
1300 4115 1500 4174 laudes,
1531 4121 1631 4167 ὅτε.

572 4203 674 4238 non
696 4189 954 4238 sincerum
974 4198 1127 4239 sonat
1148 4207 1161 4238 z
1188 4191 1453 4252 significat
1474 4193 1636 4253 enim,

572 4279 723 4314 veras
748 4265 924 4313 lauden
949 4279 1047 4314 non
1074 4264 1292 4316 futuras.
1359 4267 1435 4316 At
1456 4282 1632 4317 nonne

1721 554 2001 604 ridiculum
2043 563 2120 606 eat
2171 557 2410 620 profiteri
2455 573 2514 608 oe
2567 560 2793 626 aliquem

1715 628 1861 678 falsis
1911 632 2150 682 laudibus
2191 647 2382 683 ornare
2418 636 2610 686 veile?
2689 637 2793 686 Sed

1719 707 1790 756 ibi
1817 707 1894 754 vir
1919 707 2108 757 doctus
2144 715 2200 757 et
2241 709 2576 760 memoriosus
2601 712 2794 762 oblitus

1719 782 1797 830 sui
1831 784 2136 848 est.finger·e
2169 785 2324 844 enim,
2368 792 2427 834 ut
2465 801 2532 834 ex
2570 787 2794 836 infinitis

1717 857 1846 905 locis
1889 859 1964 908 M.
2001 860 2153 908 Tullii
2189 866 2408 917 constat,
2447 861 2583 910 idem
2607 869 2692 911 eat
2727 877 2792 912 ac

1717 931 1952 982 πλάσσειν
2001 935 2325 998 Graecorum,
2368 936 2609 1000 figurare,
2653 938 2792 986 scili-

1721 1017 1829 1071 cet,
1852 1009 2102 1072 formare,
2121 1012 2219 1059 ὅτε.
2239 1010 2376 1059 unde
2401 1016 2458 1059 et
2479 1011 2688 1061 fictores
2703 1013 2792 1076 qui

1721 1086 1920 1135 Gra-cis
1955 1101 2184 1150 semper,
2221 1092 2278 1136 et
2317 1087 2516 1136 Latinis
2557 1102 2794 1136 nonnun-

1721 1177 1897 1226 quam,
1960 1164 2144 1226 plastae
2197 1163 2462 1214 dicuntur.
2561 1165 2793 1228 Egregia

1721 1239 1900 1302 itaque
1925 1241 2234 1302 metaphora
2257 1255 2378 1290 usus
2400 1245 2482 1290 est
2501 1240 2796 1304 Lucretius,

1721 1329 1838 1378 quae
1867 1315 2068 1364 scilicet
2093 1331 2123 1364 a
2145 1314 2386 1366 fictorum
2411 1322 2523 1366 arte
2542 1331 2634 1365 seu
2651 1317 2792 1378 plas-

1723 1389 1830 1438 tica
1852 1377 2006 1440 ducta
2029 1391 2134 1440 sit:
2171 1392 2242 1440 ita
2281 1391 2466 1441 Cicero
2501 1392 2554 1440 in
2593 1391 2686 1442 lib.
2719 1392 2790 1442 de

1723 1465 1877 1516 Orat.
1912 1466 2066 1529 dixit,
2107 1467 2371 1516 ‘volucres
2408 1465 2606 1530 fingere
2629 1473 2792 1531 atque

1719 1549 2023 1590 construere
2067 1543 2210 1591 nidos
2233 1542 2266 1590 :'
2315 1542 2460 1604 alibi,
2503 1546 2517 1570 ‘
2541 1543 2615 1592 vie
2671 1559 2788 1606 quae

1721 1615 1874 1665 finxit
1897 1616 2186 1666 hominem!
2211 1618 2262 1666 in
2283 1615 2452 1666 Acad.
2517 1618 2722 1667 Iterum
2739 1619 2790 1668 in

1721 1691 1802 1740 cl.
1845 1691 1996 1740 Orat.
2033 1691 2542 1754 ‘Peripateticorum
2585 1693 2791 1743 institu-

1717 1766 1790 1816 tis
1842 1767 2112 1816 commode
2164 1767 2376 1832 fingitur
2425 1767 2631 1828 oratio‚'
2666 1768 2702 1818 i.
2739 1783 2787 1818 e.

1719 1841 2014 1904 πλάσσεται,
2035 1843 2312 1894 συντίθεται.
2391 1843 2495 1892 Sed
2513 1845 2641 1892 Hor.
2662 1858 2791 1892 non·

1719 1933 1785 1966 ne
1803 1921 1860 1967 -in
1885 1924 1932 1968 4.
1955 1919 2109 1982 dixit,
2144 1923 2158 1948 ‘
2180 1935 2404 1982 operosa
2439 1935 2636 1982 parvus
2660 1921 2789 1970 Car-

1717 1993 1858 2042 mina
1876 1993 2015 2056 fingo
2031 1993 2066 2042 ?'
2103 1996 2276 2046 Quare
2317 1996 2564 2048 meluens
2598 1996 2789 2045 Lucre-

1721 2069 1780 2118 tii
1821 2071 1896 2120 sic
1935 2071 2057 2134 legi,
2095 2078 2149 2120 et
2173 2079 2288 2120 tuto
2311 2071 2542 2134 quidem,
2577 2077 2786 2134 potest:

1721 2146 1899 2200 Quisve
1935 2148 2058 2195 valet
2093 2146 2249 2196 verbis
2281 2152 2485 2208 tantum,
2517 2149 2622 2210 quis
2651 2148 2716 2211 (i.
2738 2162 2789 2199 e.

1717 2221 1874 2285 queis)
1893 2224 2089 2286 fingere
2111 2225 2286 2272 laudea.
2345 2225 2444 2272 Pro
2476 2225 2678 2286 meritis,
2703 2227 2791 2287 ᾃσ.

1715 2297 1886 2346 Faber
1903 2299 1952 2346 in
1969 2299 2185 2348 Emend.
2205 2299 2338 2348 Vide
2356 2300 2572 2348 Emend.
2603 2301 2791 2352 Manil.

1719 2376 1764 2421 1.
1797 2373 1894 2422 ‘In
1935 2376 2069 2423 coelo
2108 2374 2362 2424 vibrantia
2418 2374 2636 2425 fulmina
2689 2376 2786 2425 fin-

1719 2449 1886 2510 gunt!
1921 2451 2079 2500 Faber
2112 2451 2164 2500 in
2205 2451 2324 2500 Not.
2411 2453 2634 2500 Secutus
2675 2466 2788 2500 sum

1720 2526 1996 2576 meliorum
2021 2529 2150 2576 Mas·
2177 2528 2477 2590 lectionem,
2516 2537 2790 2592 uirumque

1718 2608 1888 2650 tamen
1924 2611 2070 2652 recte
2114 2603 2324 2666 dicitur,
2357 2618 2476 2652 nam
2513 2611 2570 2652 et
2597 2603 2662 2652 de
2685 2605 2784 2652 Ca-

1717 2681 1862 2736 tone,
1889 2678 2046 2727 verba
2070 2679 2179 2740 ejus
2202 2679 2424 2728 oraculis
2459 2695 2785 2744 comparatae,

1714 2749 1850 2800 dixit
1875 2753 2075 2802 Lucan.
2109 2758 2156 2802 9.
2195 2759 2309 2804 565.
2347 2756 2362 2780 ‘
2382 2752 2584 2804 Effudit
2604 2754 2784 2817 dignas

1714 2826 1886 2889 adytis
1923 2843 1950 2876 e
1991 2837 2206 2891 pecto-re
2240 2831 2432 2879 voces?
2495 2833 2578 2880 De
2603 2831 2791 2895 poeta--

1712 2915 1824 2949 rum
1847 2908 2020 2952 tamen
2043 2904 2222 2954 labore
2233 2906 2429 2968 fingere
2460 2907 2623 2970 magis
2657 2908 2783 2954 mihi

1713 2977 1916 3038 placet;
1934 2979 2047 3028 illos
2063 2981 2196 3028 enim
2215 2982 2396 3043 apibus
2411 2997 2612 3046 quoque
2628 2997 2782 3030 ceras

1711 3052 2028 3115 fingentibus
2085 3063 2140 3104 et
2197 3057 2473 3108 libantibus
2518 3056 2784 3107 florifer-os

1711 3129 1872 3176 saltus
1896 3132 2222 3193 comparavit
2257 3137 2306 3182 3.
2351 3138 2429 3183 11.
2472 3136 2487 3160 ‘
2509 3133 2784 3184 Floriferia

1711 3211 1771 3253 ut
1792 3203 1968 3268 Apes,’
1988 3211 2088 3256 διο.
2127 3209 2260 3257 Hau.

1774 3283 1808 3328 4
1842 3279 1984 3342 Ejus]
2046 3282 2334 3346 Epicurum
2379 3282 2653 3348 intelligit:
2687 3287 2780 3334 Fa-

1711 3355 1814 3405 ber.

1775 3435 1808 3480 6
1843 3432 2047 3481 Mortale·
2083 3449 2274 3497 corpore
2309 3435 2493 3498 cretus]
2533 3437 2717 3498 Cretae,
2740 3437 2776 3486 i.

1711 3521 1760 3555 e.
1795 3515 2022 3556 creatus.
2045 3510 2177 3559 hunc
2217 3511 2388 3558 locum
2431 3513 2660 3573 graviter
2703 3521 2778 3561 at-

1713 3597 1812 3644 que
1847 3585 2041 3633 acriter
2065 3586 2303 3648 exagitat
2341 3587 2645 3638 Lactantius
2679 3589 2775 3638 lib.

1711 3662 1760 3708 3.
1783 3658 1848 3706 de
1875 3659 2010 3708 Fals..
2035 3661 2159 3723 Sap.
2191 3661 2358 3712 Lamb.

1775 3731 1808 3780 '7
1844 3734 1975 3781 Nam
1996 3736 2058 3798 si,
2083 3741 2136 3783 ut
2157 3737 2284 3800 ipsa]
2307 3739 2438 3786 Nam
2454 3739 2564 3788 siut
2587 3738 2770 3804 dacty-

1711 3807 1788 3854 lus
1811 3814 1909 3869 est,
1933 3823 2102 3874 neque
2127 3813 2320 3862 vocalis
2341 3814 2552 3862 eliditur
2571 3831 2586 3862 ι
2627 3817 2774 3880 quod

1711 3897 1854 3948 saepe
1877 3887 1990 3935 aliis
2031 3887 2144 3936 fieri
2181 3888 2556 3942 admonuimus.
2583 3895 2658 3944 sic
2679 3894 2776 3944 inf.

1707 3960 1825 4010 eod.
1869 3961 1958 4010 lib.
2000 3966 2080 4012 76.
2115 3963 2433 4017 ‘Terrarum
2475 3969 2562 4030 qui
2587 3969 2639 4016 in
2657 3969 2775 4018 orbi

1709 4046 1894 4088 sancta
1919 4046 2098 4090 tuetur
2124 4042 2304 4108 Pana}
2326 4048 2426 4094 &cu
2461 4046 2626 4096 Lamb.

1771 4119 1803 4163 8
1840 4117 1980 4166 Deua
2018 4118 2100 4167 iile
2144 4118 2277 4182 fuit]
2329 4121 2474 4170 Libri
2521 4137 2778 4174 manuscr.

1671 4219 1680 4225 -
1707 4191 1926 4256 habent,
1946 4195 2081 4244 Deus
2099 4195 2327 4258 imsuit.
2363 4197 2550 4249 Lamb.
2618 4199 2779 4248 Errat

1709 4271 2030 4334 Lactantius,
2051 4275 2138 4338 qui
2159 4273 2536 4323 existimaverit
2561 4275 2672 4324 haec
2707 4276 2776 4325 de
