3200 4959
578 457 650 507 T.
702 455 1065 506 LUORE'I'II
1110 453 1289 504 canl
1338 453 1436 503 DE
1484 451 1752 503 RERUM
1799 451 1980 503 NA'r.
2028 455 2173 504 LlB.
2219 457 2322 504 lv·

388 600 654 665 speciosas
674 615 693 648 ι
746 605 897 650 tanta
954 597 1301 650 inconstantia
1353 601 1451 646 est.

388 677 725 738 ‘admissunn
766 675 1093 725 venientem'
1120 681 1292 723 autem
1314 671 1452 720 ἆσυνο

390 751 537 802 δέν-ω
577 752 750 815 posita
792 757 933 812 sunt,
982 756 1041 799 ut
1076 747 1216 798 infra
1260 748 1453 808 statim,

392 829 605 891 stabat,
643 827 828 878 ardet!
860 826 1026 876 Lamb.
1091 824 1179 874 Ita
1211 824 1302 873 lib.
1340 837 1452 870 nos-

392 904 483 965 tri,
516 910 573 953 et
612 904 698 953 alii
720 911 824 954 vet.
888 904 1043 963 vulg.
1074 899 1216 950 fere:
1252 898 1454 948 ueniens.

394 979 572 1032 Gifan.
660 983 745 1032 De
799 979 1143 1030 inconstantia
1191 975 1453 1026 amatoris.

392 1055 557 1108 Modo
577 1058 819 1107 exclusus
830 1055 1074 1120 lacrymis
1094 1055 1251 1103 limen
1268 1060 1322 1102 et
1339 1066 1455 1116 pos·

396 1139 477 1182 tes
524 1133 741 1182 durioris
778 1131 1011 1181 amiculae
1042 1129 1269 1194 rigabat,
1300 1127 1455 1177 modo

396 1208 668 1271 unguentis
688 1207 945 1267 illinebat,
982 1211 1073 1256 aut
1110 1204 1331 1269 aspersis
1364 1201 1455 1253 fio·

396 1283 537 1332 ribus
560 1283 838 1346 ningebat3
874 1283 1015 1354 Deos
1038 1289 1195 1345 atque
1222 1290 1364 1331 astra
1379 1279 1455 1328 in·

397 1359 653 1420 cusabat3
690 1358 816 1407 nibil
856 1357 1080 1422 denique
1119 1370 1175 1405 se
1219 1356 1453 1406 miserius

396 1435 679 1500 quidquam
712 1432 1059 1497 deplorabat3
1096 1432 1306 1482 tandem
1342 1439 1455 1481 tan-

398 1509 518 1558 dem
541 1515 775 1558 reserata
778 1509 941 1574 janua
958 1516 1057 1570 est,
1080 1507 1149 1557 ibi
1175 1513 1283 1556 tum
1302 1507 1453 1556 homo

396 1588 572 1652 noster
606 1587 873 1636 consilium
906 1599 1055 1635 suum
1086 1585 1326 1644 damnat3
1346 1585 1452 1656 'vix

376 1661 528 1726 ⁸satis
549 1661 811 1724 ingressus
832 1670 934 1725 est,
959 1663 1077 1711 cu‘m
1105 1661 1214 1724 jam
1250 1660 1453 1722 egredi-

396 1744 505 1798 tur,
538 1740 636 1787 &a
672 1738 823 1793 Quem
854 1738 898 1786 si
926 1739 1034 1799 jam
1056 1736 1305 1786 admissum
1324 1737 1453 1786 veni·

396 1818 549 1863 entem
568 1812 822 1876 offenderit
859 1827 977 1862 aura
1022 1813 1129 1862 Una
1146 1814 1318 1872 modo,
1343 1827 1453 1860 enii-

394 1901 477 1936 sas
495 1887 699 1938 abeundi
721 1873 902 1952 qm‘mt
921 1889 1153 1938 honestae.
1194 1888 1281 1938 Ita
1298 1889 1452 1952 vulgo

394 1964 619 2026 legitur:
654 1965 747 2013 sed
783 1959 1035 2028 quomodo
1065 1965 1273 2014 tandem
1312 1971 1453 2014 stare

396 2041 568 2103 possit
588 2040 849 2090 venientem
868 2055 982 2090 cum
1009 2042 1265 2090 admissum
1281 2038 1306 2090 :1
1345 2039 1454 2088 Ita-

396 2124 505 2184 que
524 2117 847 2168 tolerabilior
868 2119 1071 2168 alioruin
1095 2118 1331 2168 codicum
1354 2119 1456 2166 lec-

396 2195 473 2244 tio
490 2201 591 2256 est,
604 2195 797 2244 veniens
812 2209 946 2256 ma,
968 2194 1065 2243 nisi
1085 2194 1127 2242 si
1150 2193 1456 2256 conjectura

398 2275 581 2319 nostra
621 2269 827 2334 probari
842 2278 965 2332 pote
988 2276 1057 2332 st,
1091 2270 1243 2324 Quem
1272 2270 1316 2318 si
1346 2269 1453 2329 jam

398 2347 656 2396 admissum
687 2348 903 2396 velventi
924 2345 1175 2411 offenderit
1194 2360 1332 2408 aura,
1356 2345 1390 2394 i.
1406 2359 1454 2394 e.

397 2423 481 2471 vel
498 2422 761 2472 levissima
783 2437 885 2486 res,
901 2422 1304 2486 folium,pluma,
1324 2435 1456 2470 mus-

400 2507 481 2559 ca,
516 2501 614 2548 dcc.
648 2497 805 2548 Faber
823 2499 875 2548 in
896 2500 1093 2548 Emend-

467 2574 619 2629 Quem
650 2574 698 2622 si
732 2573 855 2634 jam*
881 2574 1135 2622 admissum
1174 2571 1457 2635 venientem]

400 2647 507 2697 Alii
529 2649 735 2708 veniens,
766 2649 1064 2710 etrectius{
1099 2649 1270 2698 Faber
1292 2648 1455 2712 conji-

403 2723 478 2772 cit
496 2723 573 2772 vel
603 2725 751 2785 venti,
787 2723 822 2773 i.
846 2737 891 2774 e.
928 2724 1009 2773 vel
1052 2724 1309 2772 levissima
1350 2737 1453 2785 res,

400 2797 605 2861 folium,
616 2799 809 2863 pluma,
822 2813 1021 2861 musca,
1043 2802 1141 2849 &m
1178 2799 1370 2849 Creecli.

470 2875 598 2928 11⁷⁵
639 2875 750 2925 Aue
766 2873 983 2938 sumpta]
1026 2877 1106 2926 Ex
1140 2877 1249 2926 alto
1284 2881 1458 2925 tracta

403 2953 465 3002 et
504 2965 534 3001 a
582 2965 765 3015 magno
802 2967 1030 3002 recessu.
1108 2953 1288 3001 Simile
1331 2952 1458 3001 illud

402 3025 767 3076 Maronianum
788 3029 900 3077 AEn.
935 3032 983 3078 8.
1005 3031 1119 3078 593.
1150 3030 1167 3055 ⁶
1192 3027 1315 3092 quid
1339 3041 1458 3076 can-

404 3111 488 3150 nas
522 3101 658 3166 petis
681 3111 747 3151 ex
779 3103 883 3151 alto
900 3101 937 3150 θ’
984 3104 1127 3152 Tunc
1162 3103 1298 3166 apud
1336 3103 1459 3151 ami-

405 3185 517 3225 cam
538 3177 749 3227 vocabit
781 3178 1049 3227 insanum:
1083 3177 1303 3226 delirum
1336 3191 1460 3226 :va-

404 3262 552 3301 num:
589 3253 688 3316 qui·
718 3251 1055 3316 adscripserit
1090 3252 1190 3302 sibi
1229 3254 1317 3302 illa
1342 3267 1458 3316 quae

406 3327 531 3376 satis
568 3335 771 3377 essent‘
794 3328 893 3392 ipsi
932 3329 1139 3377 Veneri.
1182 3328 1345 3392 qualis
1380 3333 1461 3375 est

404 3402 496 3451 iila
534 3395 881 3466 Propertiana
918 3403 1270 3466 exprobratio,
1307 3407 1354 3452 3.
1378 3406 1461 3452 28.

405 3478 457 3531 1.
492 3479 678 3529 ‘Falsa
692 3487 775 3529 est
792 3481 892 3530 ista
911 3487 1033 3543 tuae,
1050 3483 1252 3543 mulier,
1275 3481 1466 3530 fiducia

403 3553 606 3618 formae,
652 3556 797 3605 Olim
842 3557 1001 3606 oculis
1054 3555 1465 3605 nimium·'facta

404 3631 631 3694 superba
647 3633 793 3682 meis.
826 3627 1029 3682 Noster'
1040 3647 1183 3682 amor
1204 3632 1355 3680 taleis
1378 3633 1468 3680 tri-

404 3706 523 3756 buit
556 3707 657 3756 tibi
700 3706 922 3771 Cynthia
959 3708 1176 3757 laudes:
1210 3706 1465 3756 Versibus

404 3781 662 3846 insignem
687 3790 741 3832 te
779 3784 940 3846 pudet
978 3798 1091 3832 esse
1126 3783 1271 3833 meis.
1338 3783 1467 3831 Mis-

403 3864 513 3907 tam
536 3865 592 3908 te
611 3859 753 3907 varia
774 3859 981 3908 laudavi
1014 3873 1155 3921 saepe
1187 3857 1367 3919 figura,
1392 3857 1467 3906 Ut

406 3933 547 3996 quod
580 3947 683 3983 non
722 3940 861 3984 esset
896 3949 1009 3985 esse
1045 3942 1256 3999 putaret
1288 3931 1469 3984 amor!

404 4007 548 4058 Pius.

472 4085 600 4134 11⁷8
634 4085 739 4134 Nec
767 4083 971 4136 Veneres
988 4091 1174 4135 nostras
1205 4087 1289 4135 hoc
1306 4083 1471 4146 fallit]

405 4153 455 4209 1.
472 4171 519 4210 e.
542 4173 643 4208 nec
666 4161 763 4210 boc
785 4161 1029 4224 ignorant
1050 4169 1243 4209 nostrae
1264 4161 1473 4224 puellae.

408 4247 525 4283 nam
544 4250 679 4300 quos
712 4237 898 4286 volunt
932 4237 983 4284 in
1024 4251 1199 4286 amore
1222 4238 1471 4298 retinere,

407 4322 500 4359 eos
543 4309 717 4361 omnia
754 4311 880 4361 vitae
922 4324 1027 4362 suae
1070 4312 1365 4376 postscenia
1386 4325 1475 4361 ce-

2407 435 2581 506 1459

1526 596 1672 656 lant;
1705 595 1758 645 id
1798 603 1896 658 est,
1937 609 2042 646 non
2084 596 2368 646 admittunt
2397 611 2488 647 eos
2527 597 2580 646 in

1528 687 1642 721 eam
1684 671 2104 733 familiaritatem,
2139 681 2200 722 ut
2236 674 2311 722 eis
2333 687 2448 723 suas
2473 687 2584 722 sor·

1528 749 1644 799 deis
1673 751 1998 815 domesticas,
2035 767 2242 817 suaeque
2275 753 2398 802 vito
2436 751 2580 802 iulio·

1528 833 1730 875 nestam
1775 827 2029 876 rationem
2075 829 2328 891 aperiant.
2377 825 2582 891 ‘fanin'

1529 901 1565 951 i.
1587 916 1638 952 e.
1675 903 1823 966 latet,
1858 900 2089 952 λανθάνει.
2121 904 2286 954 Lamb.
2360 904 2580 956 Veneres.

1527 977 1807 1040 Amicitias,
1829 982 1927 1030 dcc.
1963 981 2131 1031 Faber.

1595 1059 1726 1105 11⁷9
1781 1057 1908 1106 Vita
1933 1060 2198 1121 poscaenia
2219 1058 2400 1124 celant]
2449 1059 2582 1112 Cum

1529 1131 1740 1181 inlibris
1775 1147 2030 1182 manuscr.
2055 1135 2368 1196 reperissem
2393 1135 2579 1198 partim

1526 1210 1782 1274 putcenia,
1807 1211 1994 1274 partim
2029 1213 2304 1274 postomia,
2337 1225 2436 1274 ego
2453 1217 2582 1276 pont-

1527 1288 1718 1353 scoeaia,
1749 1287 1855 1336 sive
1895 1288 2174 1350 poscaenia,
2221 1287 2399 1339 littera
2429 1303 2456 1338 s
2490 1288 2580 1338 ad·

1529 1362 1657 1423 dita,
1692 1363 1916 1413 restitui.
1983 1363 2114 1413 Erat
2168 1368 2342 1414 autem
2405 1365 2423 1394 ⁸
2445 1372 2584 1426 post-

1529 1439 1797 1502 menium:
1829 1453 1918 1488 seu
1957 1441 1974 1468 ‘
1996 1439 2394 1502 postscamium,’
2435 1439 2583 1488 locus

1527 1521 1648 1577 post
1677 1527 1902 1573 scenam,
1925 1513 2013 1564 ubi
2035 1515 2200 1563 multa
2221 1513 2435 1576 fiebant,
2468 1529 2583 1577 qum

1532 1605 1562 1638 a
1594 1589 1974 1652 spectatoribus
1998 1589 2340 1638 audiebantur
2363 1597 2586 1654 tantum,

1528 1679 1630 1714 non
1660 1671 1830 1714 autem
1867 1665 2244 1715 cernebantur:
2280 1667 2429 1730 quale
2467 1675 2584 1718 erat

1524 1743 1761 1808 βροντεΐον
1793 1743 1928 1806 apud
1975 1743 2224 1793 Graecos:
2276 1743 2326 1791 in
2367 1757 2486 1806 quo,
2521 1751 2586 1794 ut

1527 1818 1714 1868 scribit
1748 1817 1916 1868 Julius
1950 1818 2164 1880 Pollux,
2193 1819 2406 1868 calculis
2443 1833 2583 1868 com·

1528 1893 1764 1956 pluribus
1829 1894 1881 1940 in
1926 1901 2068 1941 utres
2104 1893 2378 1956 conjectis,
2411 1900 2468 1941 et
2485 1893 2586 1941 illis

1528 1966 1730 2017 utribus
1762 1980 1857 2029 per
1893 1966 2014 2014 aera
2035 1967 2273 2027 versatis,
2303 1973 2459 2031 atque
2482 1968 2588 2030 agi-

1532 2045 1674 2105 tatis,
1707 2044 1902 2092 tonitru
1931 2041 2213 2091 similitudo
2239 2041 2582 2094 referebatur.

1533 2121 1550 2149 ‘
1571 2117 1941 2167 Proscenium'
1974 2127 2145 2168 autern
2183 2118 2268 2183 (ut
2289 2119 2442 2168 docet
2460 2120 2584 2169 Dio·

1532 2192 1736 2257 medes)
1765 2201 1847 2243 est
1885 2193 2139 2257 pulpitum
2183 2202 2252 2242 et·
2275 2194 2418 2245 locus
2461 2203 2586 2246 ante

1534 2286 1760 2330 scenam,
1785 2273 1836 2322 in
1859 2272 1994 2336 quod
2019 2273 2279 2336 pulpitum
2304 2271 2588 2336 prodibant

1535 2356 1758 2396 actores.
1823 2347 2010 2412 Itaque
2057 2348 2074 2375 ‘
2099 2349 2388 2410 proscaenia
2430 2345 2588 2396 νᾶπυ’

1532 2422 1617 2471 hic
1647 2437 1747 2472 non
1790 2423 2047 2472 convenit.
2113 2421 2249 2471 Nam
2283 2435 2381 2487 per
2413 2421 2430 2449 ⁸
2450 2429 2588 2485 post-

1530 2499 1722 2548 seaenia
1761 2500 1879 2548 vitre
1899 2499 1914 2523 ’
1944 2501 2026 2564 (ut
2066 2491 2314 2560 dixim‘us)
2334 2496 2590 2559 significat

1532 2575 1802 2623 Lucretius
1855 2574 2207 2623 absconditam
2258 2579 2315 2622 et
2355 2573 2589 2622 intimam

1531 2651 1818 2712 puellarum
1863 2665 1955 2698 seu
2003 2649 2333 2700 meretricum
2379 2648 2591 2697 vivendi

1530 2727 1972 2786 consuetudinem,
2007 2733 2062 2774 et
2095 2726 2265 2775 omnia
2302 2739 2418 2791 quae
2455 2723 2594 2774 domi

1530 2799 1748 2863 faciunt,
1787 2816 1900 2850 cum
1941 2803 2065 2851 solae
2111 2806 2261 2849 sunt:
2319 2813 2435 2863 quoe
2485 2799 2590 2848 suis

1531 2877 1822 2927 amantibus
1855 2879 2058 2927 occulta
2079 2891 2194 2926 esse
2217 2877 2416 2926 volunt.
2435 2876 2451 2903 ‘
2475 2887 2592 2939 pro-

1532 2951 1744 3001 scaenia'
1763 2960 1935 3002 autem
1967 2954 1986 2981 ¹
2007 2952 2127 3002 vitae
2147 2951 2162 2974 ’
2193 2959 2379 3001 contra
2399 2950 2591 3016 signiti-

1533 3034 1716 3076 carent
1744 3027 1993 3090 quidquid
2019 3028 2205 3089 puellae
2224 3027 2521 3092 impudica,
2538 3035 2594 3076 et

1533 3102 1834 3165 hujusmodi
1855 3104 2118 3161 mulieres,
2151 3115 2325 3150 coram
2359 3101 2596 3150 amatori·

1532 3177 1630 3226 bus
1676 3177 1780 3225 suis
1827 3184 1882 3225 et
1928 3178 2229 3238 loquuntur,
2271 3181 2326 3224 et
2362 3174 2591 3225 faciunt:

1537 3253 1672 3317 quod
1699 3261 1866 3303 totum
1887 3259 1970 3302 est
1991 3253 2170 3300 fictum
2193 3259 2247 3301 et
2281 3253 2599 3315 simulatum,

1536 3334 1593 3376 et
1617 3327 1684 3374 ad
1711 3327 2006 3375 illiciendos
2039 3328 2291 3375 amanteis
2334 3339 2595 3396 compara·

1537 3410 1679 3451 turn:
1705 3402 1934 3466 nihilque
1957 3402 2008 3451 in
2033 3417 2098 3452 eo
2121 3415 2316 3462 verum,
2337 3403 2462 3451 nihil
2477 3397 2612 3450 sim-'

1536 3479 1680 3541 pleri,
1721 3478 1844 3526 nihil
1881 3479 2176 3540 genuinum.
2259 3477 2334 3526 At
2371 3479 2451 3526 hae
2486 3491 2596 3528 mu-

1535 3554 1690 3602 lieres
1743 3551 1937 3615 fucum,
2011 3553 2336 3613 munditiem,
2401 3552 2612 3614 luxum,'

1536 3630 1886 3694 splendorem,
1909 3630 2087 3692 risum,
2111 3627 2408 3689 blanditias,
2427 3634 2482 3676 et
2515 3639 2598 3676 re-

1536 3710 1730 3771 liquum
1775 3715 2076 3769 apparatum
2116 3704 2468 3754 meretricium
2509 3705 2596 3754 ba-

1537 3782 1668 3831 bent
1713 3784 1766 3830 in
1814 3788 2056 3844 promptu
2101 3779 2347 3842 positum,
2393 3785 2450 3829 et
2493 3777 2597 3829 suis

1539 3857 1826 3905 amantibus
1866 3860 2148 3902 ostentant.
2184 3852 2381 3903 sordeis
2425 3857 2602 3906 autem

1540 3942 1679 3991 suaS,
1721 3930 1966 3992 inopiam,
2019 3927 2322 3990 ingluviem,
2351 3925 2601 3988 iiluviem,

1540 3997 1934 4066 immunditiem,
1965 4005 2191 4056 maculas
2225 4003 2478 4066 corporis,
2511 4017 2597 4055 ru·

1543 4095 1657 4146 gas,
1689 4083 1878 4130 crineis
1903 4089 2089 4142 erutos,
2107 4087 2158 4126 et
2184 4079 2390 4140 similia,
2424 4080 2600 4128 occul-

1546 4168 1678 4206 tant.
1697 4159 1772 4205 sic
1799 4156 1955 4206 Ovid.
1981 4157 2074 4206 iil).
2099 4161 2146 4204 3.
2169 4155 2234 4202 de
2259 4153 2324 4204 A.
2352 4156 2413 4203 A.
2433 4155 2600 4208 ‘Mul-

1547 4243 1599 4282 ta
1631 4233 1766 4283 viros
1789 4233 1988 4282 nescire
2010 4232 2198 4281 decet:
2234 4245 2355 4294 pars
2375 4230 2598 4282 maxima

1542 4321 1719 4359 rerum
1759 4305 2026 4370 offendet,
2058 4307 2227 4357 sinon
2249 4305 2496 4356 interiora
2519 4311 2596 4356 te·
