<?xml version="1.0" encoding="UTF-8"?>
<!DOCTYPE html PUBLIC "-//W3C//DTD XHTML 1.0 Transitional//EN"
    "http://www.w3.org/TR/xhtml1/DTD/xhtml1-transitional.dtd">
<html xmlns="http://www.w3.org/1999/xhtml" xml:lang="en" lang="en">
 <head>
  <title>
</title>
<meta http-equiv="Content-Type" content="text/html;charset=utf-8" />
  <meta name='ocr-system' content='tesseract 3.04.00' />
  <meta name='ocr-capabilities' content='ocr_page ocr_carea ocr_par ocr_line ocrx_word'/>
</head>
<body>
  <div class='ocr_page' id='page_1' title='image "./dererumnaturali00unkngoog_0184.png"; bbox 0 0 3200 4959; ppageno 0'>
   <div class='ocr_carea' id='block_1_1' title="bbox 622 383 895 450">
    <p class='ocr_par' dir='ltr' id='par_1_1' title="bbox 622 383 895 450">
     <span class='ocr_line' id='line_1_1' title="bbox 622 383 895 450; baseline -0.029 1"><span class='ocrx_word' id='word_1_1' title='bbox 622 383 895 450; x_wconf 77' lang='lat'><strong>1534.</strong></span> 
     </span>
    </p>
   </div>
   <div class='ocr_carea' id='block_1_2' title="bbox 626 532 1747 4220">
    <p class='ocr_par' dir='ltr' id='par_1_2' title="bbox 626 532 1688 815">
     <span class='ocr_line' id='line_1_2' title="bbox 626 532 1687 598; baseline -0.008 -8"><span class='ocrx_word' id='word_1_2' title='bbox 626 536 979 590; x_wconf 81' lang='lat' dir='ltr'><strong>obstructione</strong></span> <span class='ocrx_word' id='word_1_3' title='bbox 1000 550 1095 588; x_wconf 86' lang='lat' dir='ltr'><strong>sen</strong></span> <span class='ocrx_word' id='word_1_4' title='bbox 1112 533 1411 598; x_wconf 80' lang='lat' dir='ltr'><strong>offectione‚</strong></span> <span class='ocrx_word' id='word_1_5' title='bbox 1430 542 1486 584; x_wconf 86' lang='lat' dir='ltr'><strong>et</strong></span> <span class='ocrx_word' id='word_1_6' title='bbox 1500 549 1565 585; x_wconf 86' lang='lat' dir='ltr'><strong>ex</strong></span> <span class='ocrx_word' id='word_1_7' title='bbox 1583 532 1687 583; x_wconf 84' lang='lat' dir='ltr'><strong>alia</strong></span> 
     </span>
     <span class='ocr_line' id='line_1_3' title="bbox 629 611 1688 698; baseline -0.006 -34"><span class='ocrx_word' id='word_1_8' title='bbox 629 629 803 676; x_wconf 79' lang='lat' dir='ltr'><strong>causa,</strong></span> <span class='ocrx_word' id='word_1_9' title='bbox 841 615 893 662; x_wconf 90' lang='lat' dir='ltr'><strong>in</strong></span> <span class='ocrx_word' id='word_1_10' title='bbox 918 627 1021 678; x_wconf 83' lang='lat' dir='ltr'><strong>qua</strong></span> <span class='ocrx_word' id='word_1_11' title='bbox 1038 617 1309 698; x_wconf 79' lang='lat' dir='ltr'><strong>spectetur</strong></span> <span class='ocrx_word' id='word_1_12' title='bbox 1330 611 1382 660; x_wconf 86' lang='lat' dir='ltr'><strong>id</strong></span> <span class='ocrx_word' id='word_1_13' title='bbox 1407 611 1541 696; x_wconf 80' lang='lat' dir='ltr'><strong>quod</strong></span> <span class='ocrx_word' id='word_1_14' title='bbox 1566 620 1688 659; x_wconf 83' lang='lat' dir='ltr'><strong>con·</strong></span> 
     </span>
     <span class='ocr_line' id='line_1_4' title="bbox 632 687 1690 751; baseline -0.003 -12"><span class='ocrx_word' id='word_1_15' title='bbox 632 697 935 740; x_wconf 80' lang='lat' dir='ltr'><strong>sentanenm</strong></span> <span class='ocrx_word' id='word_1_16' title='bbox 960 687 1121 736; x_wconf 83' lang='lat' dir='ltr'><strong>estiis</strong></span> <span class='ocrx_word' id='word_1_17' title='bbox 1140 700 1255 751; x_wconf 76' lang='lat' dir='ltr'><strong>quae</strong></span> <span class='ocrx_word' id='word_1_18' title='bbox 1274 687 1464 735; x_wconf 88' lang='lat' dir='ltr'><strong>suntin</strong></span> <span class='ocrx_word' id='word_1_19' title='bbox 1484 700 1690 750; x_wconf 84' lang='lat' dir='ltr'><strong>promp-</strong></span> 
     </span>
     <span class='ocr_line' id='line_1_5' title="bbox 634 763 977 815; baseline -0.009 0"><span class='ocrx_word' id='word_1_20' title='bbox 634 763 728 815; x_wconf 84' lang='lat' dir='ltr'><strong>tn.&#39;</strong></span> <span class='ocrx_word' id='word_1_21' title='bbox 758 763 977 814; x_wconf 75' lang='lat' dir='ltr'><strong>Lambin-</strong></span> 
     </span>
    </p>

    <p class='ocr_par' dir='ltr' id='par_1_3' title="bbox 634 835 1699 1192">
     <span class='ocr_line' id='line_1_6' title="bbox 698 835 1691 898; baseline -0.006 -8"><span class='ocrx_word' id='word_1_22' title='bbox 698 843 797 890; x_wconf 86' lang='grc'><strong>706</strong></span> <span class='ocrx_word' id='word_1_23' title='bbox 830 839 1071 890; x_wconf 72' lang='lat' dir='ltr'><strong>Donieum</strong></span> <span class='ocrx_word' id='word_1_24' title='bbox 1091 852 1198 888; x_wconf 74' lang='lat' dir='ltr'><strong>eum</strong></span> <span class='ocrx_word' id='word_1_25' title='bbox 1216 841 1397 893; x_wconf 73' lang='lat' dir='ltr'><strong>contra,</strong></span> <span class='ocrx_word' id='word_1_26' title='bbox 1419 835 1525 898; x_wconf 50' lang='lat' dir='ltr'><strong>qm]</strong></span> <span class='ocrx_word' id='word_1_27' title='bbox 1573 835 1619 885; x_wconf 90' lang='lat'><strong>1.</strong></span> <span class='ocrx_word' id='word_1_28' title='bbox 1641 849 1691 884; x_wconf 87' lang='lat' dir='ltr'><strong>e.</strong></span> 
     </span>
     <span class='ocr_line' id='line_1_7' title="bbox 634 912 1692 976; baseline -0.006 -10"><span class='ocrx_word' id='word_1_29' title='bbox 634 916 801 971; x_wconf 85' lang='lat' dir='ltr'><strong>donec</strong></span> <span class='ocrx_word' id='word_1_30' title='bbox 822 922 1001 963; x_wconf 83' lang='lat' dir='ltr'><strong>contra</strong></span> <span class='ocrx_word' id='word_1_31' title='bbox 1022 927 1158 976; x_wconf 85' lang='lat' dir='ltr'><strong>eum,</strong></span> <span class='ocrx_word' id='word_1_32' title='bbox 1182 927 1369 976; x_wconf 81' lang='lat' dir='ltr'>nempe</span> <span class='ocrx_word' id='word_1_33' title='bbox 1387 912 1602 974; x_wconf 86' lang='lat' dir='ltr'><strong>solem,</strong></span> <span class='ocrx_word' id='word_1_34' title='bbox 1588 927 1622 960; x_wconf 90' lang='grc' dir='ltr'>ι.</span> <span class='ocrx_word' id='word_1_35' title='bbox 1645 925 1692 960; x_wconf 92' lang='lat' dir='ltr'><strong>e.</strong></span> 
     </span>
     <span class='ocr_line' id='line_1_8' title="bbox 636 988 1699 1053; baseline -0.007 -12"><span class='ocrx_word' id='word_1_36' title='bbox 636 993 803 1042; x_wconf 81' lang='lat' dir='ltr'><strong>donec</strong></span> <span class='ocrx_word' id='word_1_37' title='bbox 828 991 877 1038; x_wconf 90' lang='lat' dir='ltr'><strong>ei</strong></span> <span class='ocrx_word' id='word_1_38' title='bbox 900 990 1159 1053; x_wconf 85' lang='lat' dir='ltr'><strong>opposita,</strong></span> <span class='ocrx_word' id='word_1_39' title='bbox 1179 992 1274 1038; x_wconf 74' lang='grc' dir='ltr'>διο.</span> <span class='ocrx_word' id='word_1_40' title='bbox 1307 988 1525 1037; x_wconf 64' lang='lat' dir='ltr'><strong>Lambini.</strong></span> <span class='ocrx_word' id='word_1_41' title='bbox 1597 988 1699 1034; x_wconf 87' lang='lat' dir='ltr'><strong>Do-</strong></span> 
     </span>
     <span class='ocr_line' id='line_1_9' title="bbox 635 1065 1699 1126; baseline -0.005 -9"><span class='ocrx_word' id='word_1_42' title='bbox 635 1069 930 1117; x_wconf 68' lang='lat' dir='ltr'><strong>nic-amem.</strong></span> <span class='ocrx_word' id='word_1_43' title='bbox 964 1066 1168 1116; x_wconf 87' lang='lat' dir='ltr'><strong>ltavet.</strong></span> <span class='ocrx_word' id='word_1_44' title='bbox 1185 1065 1307 1114; x_wconf 77' lang='lat' dir='ltr'><strong>libri</strong></span> <span class='ocrx_word' id='word_1_45' title='bbox 1323 1065 1504 1114; x_wconf 78' lang='lat' dir='ltr'><strong>nostri</strong></span> <span class='ocrx_word' id='word_1_46' title='bbox 1536 1065 1699 1126; x_wconf 85' lang='lat' dir='ltr'><strong>Vulg.</strong></span> 
     </span>
     <span class='ocr_line' id='line_1_10' title="bbox 639 1139 1197 1192; baseline -0.014 0"><span class='ocrx_word' id='word_1_47' title='bbox 639 1139 822 1192; x_wconf 78' lang='lat' dir='ltr'><strong>Donec.</strong></span> <span class='ocrx_word' id='word_1_48' title='bbox 860 1139 1038 1191; x_wconf 85' lang='lat' dir='ltr'><strong>Gifan.</strong></span> <span class='ocrx_word' id='word_1_49' title='bbox 1190 1177 1197 1184; x_wconf 85' lang='lat'><strong>.</strong></span> 
     </span>
    </p>

    <p class='ocr_par' dir='ltr' id='par_1_4' title="bbox 642 1213 1702 1340">
     <span class='ocr_line' id='line_1_11' title="bbox 706 1213 1702 1278; baseline -0.002 -14"><span class='ocrx_word' id='word_1_50' title='bbox 706 1219 803 1264; x_wconf 86' lang='grc'><strong>707</strong></span> <span class='ocrx_word' id='word_1_51' title='bbox 836 1215 995 1277; x_wconf 75' lang='lat' dir='ltr'><strong>Atque</strong></span> <span class='ocrx_word' id='word_1_52' title='bbox 1014 1213 1311 1278; x_wconf 66' lang='lat' dir='ltr'><strong>oriens,a‚·e.]</strong></span> <span class='ocrx_word' id='word_1_53' title='bbox 1356 1213 1403 1262; x_wconf 89' lang='lat'><strong>1.</strong></span> <span class='ocrx_word' id='word_1_54' title='bbox 1428 1227 1475 1263; x_wconf 86' lang='lat' dir='ltr'><strong>e.</strong></span> <span class='ocrx_word' id='word_1_55' title='bbox 1497 1218 1553 1262; x_wconf 89' lang='lat' dir='ltr'><strong>et</strong></span> <span class='ocrx_word' id='word_1_56' title='bbox 1575 1219 1702 1262; x_wconf 87' lang='lat' dir='ltr'><strong>tunc</strong></span> 
     </span>
     <span class='ocr_line' id='line_1_12' title="bbox 642 1287 1602 1350; baseline -0.002 -12"><span class='ocrx_word' id='word_1_57' title='bbox 642 1297 755 1340; x_wconf 84' lang='lat' dir='ltr'><strong>orta</strong></span> <span class='ocrx_word' id='word_1_58' title='bbox 778 1297 878 1350; x_wconf 88' lang='lat' dir='ltr'><strong>est,</strong></span> <span class='ocrx_word' id='word_1_59' title='bbox 898 1301 1015 1340; x_wconf 89' lang='lat' dir='ltr'><strong>cnm</strong></span> <span class='ocrx_word' id='word_1_60' title='bbox 1036 1290 1115 1340; x_wconf 78' lang='lat' dir='ltr'><strong>sol</strong></span> <span class='ocrx_word' id='word_1_61' title='bbox 1138 1289 1349 1338; x_wconf 89' lang='lat' dir='ltr'><strong>occidit.</strong></span> <span class='ocrx_word' id='word_1_62' title='bbox 1381 1287 1602 1336; x_wconf 78' lang='lat' dir='ltr'><strong>Lambin.</strong></span> 
     </span>
    </p>

    <p class='ocr_par' dir='ltr' id='par_1_5' title="bbox 647 1362 1724 2558">
     <span class='ocr_line' id='line_1_13' title="bbox 706 1362 1705 1427; baseline -0.008 -11"><span class='ocrx_word' id='word_1_63' title='bbox 706 1369 805 1416; x_wconf 84' lang='grc'><strong>708</strong></span> <span class='ocrx_word' id='word_1_64' title='bbox 830 1367 1043 1416; x_wconf 77' lang='lat' dir='ltr'><strong>Condere</strong></span> <span class='ocrx_word' id='word_1_65' title='bbox 1059 1364 1237 1427; x_wconf 72' lang='lat' dir='ltr'><strong>lamen]</strong></span> <span class='ocrx_word' id='word_1_66' title='bbox 1269 1362 1608 1413; x_wconf 89' lang='lat' dir='ltr'><strong>Abscondere</strong></span> <span class='ocrx_word' id='word_1_67' title='bbox 1629 1363 1705 1410; x_wconf 90' lang='lat' dir='ltr'><strong>lu-</strong></span> 
     </span>
     <span class='ocr_line' id='line_1_14' title="bbox 647 1437 1706 1502; baseline -0.006 -12"><span class='ocrx_word' id='word_1_68' title='bbox 647 1455 786 1502; x_wconf 89' lang='lat' dir='ltr'><strong>men,</strong></span> <span class='ocrx_word' id='word_1_69' title='bbox 806 1440 1088 1492; x_wconf 78' lang='lat' dir='ltr'><strong>obscurari.</strong></span> <span class='ocrx_word' id='word_1_70' title='bbox 1120 1441 1192 1488; x_wconf 87' lang='lat' dir='ltr'><strong>sic</strong></span> <span class='ocrx_word' id='word_1_71' title='bbox 1214 1438 1460 1488; x_wconf 86' lang='lat' dir='ltr'><strong>dictum‘</strong></span> <span class='ocrx_word' id='word_1_72' title='bbox 1478 1437 1706 1486; x_wconf 88' lang='lat' dir='ltr'><strong>condere</strong></span> 
     </span>
     <span class='ocr_line' id='line_1_15' title="bbox 648 1514 1707 1577; baseline -0.004 -13"><span class='ocrx_word' id='word_1_73' title='bbox 648 1515 854 1565; x_wconf 86' lang='lat' dir='ltr'><strong>lumen&#39;</strong></span> <span class='ocrx_word' id='word_1_74' title='bbox 889 1531 920 1564; x_wconf 87' lang='lat' dir='ltr'><strong>a</strong></span> <span class='ocrx_word' id='word_1_75' title='bbox 944 1515 1204 1577; x_wconf 87' lang='lat' dir='ltr'><strong>Lucretio,</strong></span> <span class='ocrx_word' id='word_1_76' title='bbox 1227 1524 1284 1564; x_wconf 88' lang='lat' dir='ltr'><strong>ut</strong></span> <span class='ocrx_word' id='word_1_77' title='bbox 1306 1514 1375 1564; x_wconf 85' lang='lat' dir='ltr'><strong>ab</strong></span> <span class='ocrx_word' id='word_1_78' title='bbox 1396 1514 1569 1565; x_wconf 88' lang='lat' dir='ltr'><strong>Hor.‘</strong></span> <span class='ocrx_word' id='word_1_79' title='bbox 1586 1527 1707 1562; x_wconf 89' lang='lat' dir='ltr'><strong>con-</strong></span> 
     </span>
     <span class='ocr_line' id='line_1_16' title="bbox 649 1587 1711 1652; baseline -0.006 -12"><span class='ocrx_word' id='word_1_80' title='bbox 649 1592 773 1640; x_wconf 82' lang='lat' dir='ltr'><strong>dere</strong></span> <span class='ocrx_word' id='word_1_81' title='bbox 812 1588 1007 1652; x_wconf 82' lang='lat' dir='ltr'><strong>diem‚’.</strong></span> <span class='ocrx_word' id='word_1_82' title='bbox 1028 1589 1133 1638; x_wconf 82' lang='lat' dir='ltr'><strong>od.</strong></span> <span class='ocrx_word' id='word_1_83' title='bbox 1168 1593 1220 1637; x_wconf 77' lang='lat'><strong>4.</strong></span> <span class='ocrx_word' id='word_1_84' title='bbox 1255 1595 1305 1638; x_wconf 84' lang='lat'><strong>6.</strong></span> <span class='ocrx_word' id='word_1_85' title='bbox 1339 1593 1421 1638; x_wconf 85' lang='lat'><strong>29.</strong></span> <span class='ocrx_word' id='word_1_86' title='bbox 1461 1590 1477 1615; x_wconf 84' lang='lat'><strong>⁴</strong></span> <span class='ocrx_word' id='word_1_87' title='bbox 1498 1587 1711 1648; x_wconf 87' lang='lat' dir='ltr'><strong>Condit,</strong></span> 
     </span>
     <span class='ocr_line' id='line_1_17' title="bbox 652 1661 1712 1730; baseline -0.008 -12"><span class='ocrx_word' id='word_1_88' title='bbox 652 1667 870 1730; x_wconf 81' lang='lat' dir='ltr'><strong>quisque</strong></span> <span class='ocrx_word' id='word_1_89' title='bbox 910 1665 1047 1714; x_wconf 82' lang='lat' dir='ltr'><strong>diem</strong></span> <span class='ocrx_word' id='word_1_90' title='bbox 1086 1665 1299 1714; x_wconf 76' lang='lat' dir='ltr'><strong>collibus</strong></span> <span class='ocrx_word' id='word_1_91' title='bbox 1334 1664 1387 1712; x_wconf 90' lang='lat' dir='ltr'><strong>in</strong></span> <span class='ocrx_word' id='word_1_92' title='bbox 1425 1662 1581 1712; x_wconf 60' lang='lat' dir='ltr'><strong>suis?</strong></span> <span class='ocrx_word' id='word_1_93' title='bbox 1615 1661 1712 1710; x_wconf 82' lang='lat' dir='ltr'><strong>nisi</strong></span> 
     </span>
     <span class='ocr_line' id='line_1_18' title="bbox 652 1735 1713 1806; baseline -0.006 -16"><span class='ocrx_word' id='word_1_94' title='bbox 652 1739 791 1806; x_wconf 85' lang='lat' dir='ltr'><strong>quod</strong></span> <span class='ocrx_word' id='word_1_95' title='bbox 813 1739 949 1802; x_wconf 87' lang='lat' dir='ltr'><strong>apud</strong></span> <span class='ocrx_word' id='word_1_96' title='bbox 974 1739 1164 1788; x_wconf 82' lang='lat' dir='ltr'><strong>Horat.</strong></span> <span class='ocrx_word' id='word_1_97' title='bbox 1186 1738 1439 1788; x_wconf 87' lang='lat' dir='ltr'><strong>‘condere</strong></span> <span class='ocrx_word' id='word_1_98' title='bbox 1454 1735 1618 1786; x_wconf 85' lang='lat' dir='ltr'><strong>diem’</strong></span> <span class='ocrx_word' id='word_1_99' title='bbox 1641 1735 1713 1784; x_wconf 90' lang='lat' dir='ltr'><strong>di·</strong></span> 
     </span>
     <span class='ocr_line' id='line_1_19' title="bbox 653 1809 1714 1876; baseline -0.008 -10"><span class='ocrx_word' id='word_1_100' title='bbox 653 1819 793 1866; x_wconf 86' lang='lat' dir='ltr'><strong>citur</strong></span> <span class='ocrx_word' id='word_1_101' title='bbox 824 1817 840 1844; x_wconf 89' lang='lat'>‘</span> <span class='ocrx_word' id='word_1_102' title='bbox 862 1815 916 1864; x_wconf 91' lang='lat' dir='ltr'><strong>in</strong></span> <span class='ocrx_word' id='word_1_103' title='bbox 950 1814 1167 1865; x_wconf 77' lang='lat' dir='ltr'><strong>collibus</strong></span> <span class='ocrx_word' id='word_1_104' title='bbox 1199 1812 1338 1875; x_wconf 80' lang='lat' dir='ltr'><strong>suis‚&#39;</strong></span> <span class='ocrx_word' id='word_1_105' title='bbox 1374 1813 1464 1876; x_wconf 87' lang='lat' dir='ltr'><strong>qni</strong></span> <span class='ocrx_word' id='word_1_106' title='bbox 1495 1812 1545 1859; x_wconf 90' lang='lat' dir='ltr'><strong>in</strong></span> <span class='ocrx_word' id='word_1_107' title='bbox 1569 1809 1714 1860; x_wconf 90' lang='lat' dir='ltr'><strong>colli·</strong></span> 
     </span>
     <span class='ocr_line' id='line_1_20' title="bbox 653 1887 1715 1955; baseline -0.008 -13"><span class='ocrx_word' id='word_1_108' title='bbox 653 1893 753 1942; x_wconf 88' lang='lat' dir='ltr'><strong>bns</strong></span> <span class='ocrx_word' id='word_1_109' title='bbox 776 1893 879 1942; x_wconf 81' lang='lat' dir='ltr'><strong>anis</strong></span> <span class='ocrx_word' id='word_1_110' title='bbox 901 1901 1059 1955; x_wconf 82' lang='lat' dir='ltr'><strong>usque</strong></span> <span class='ocrx_word' id='word_1_111' title='bbox 1081 1889 1147 1939; x_wconf 86' lang='lat' dir='ltr'><strong>ad</strong></span> <span class='ocrx_word' id='word_1_112' title='bbox 1182 1902 1423 1939; x_wconf 86' lang='lat' dir='ltr'><strong>occasum</strong></span> <span class='ocrx_word' id='word_1_113' title='bbox 1462 1887 1581 1935; x_wconf 89' lang='lat' dir='ltr'><strong>solis</strong></span> <span class='ocrx_word' id='word_1_114' title='bbox 1613 1899 1715 1934; x_wconf 82' lang='lat' dir='ltr'><strong>ma·</strong></span> 
     </span>
     <span class='ocr_line' id='line_1_21' title="bbox 654 1962 1720 2028; baseline -0.007 -10"><span class='ocrx_word' id='word_1_115' title='bbox 654 1973 776 2018; x_wconf 86' lang='lat' dir='ltr'><strong>net:</strong></span> <span class='ocrx_word' id='word_1_116' title='bbox 802 1967 888 2017; x_wconf 90' lang='lat' dir='ltr'><strong>hic</strong></span> <span class='ocrx_word' id='word_1_117' title='bbox 910 1974 1085 2016; x_wconf 87' lang='lat' dir='ltr'><strong>antem</strong></span> <span class='ocrx_word' id='word_1_118' title='bbox 1108 1965 1247 2028; x_wconf 87' lang='lat' dir='ltr'><strong>apud</strong></span> <span class='ocrx_word' id='word_1_119' title='bbox 1276 1963 1573 2013; x_wconf 84' lang='lat' dir='ltr'><strong>Lucretium</strong></span> <span class='ocrx_word' id='word_1_120' title='bbox 1595 1962 1720 2012; x_wconf 81' lang='lat' dir='ltr'><strong>luna</strong></span> 
     </span>
     <span class='ocr_line' id='line_1_22' title="bbox 650 2037 1719 2097; baseline -0.008 -3"><span class='ocrx_word' id='word_1_121' title='bbox 650 2045 671 2072; x_wconf 86' lang='lat'>‘</span> <span class='ocrx_word' id='word_1_122' title='bbox 690 2043 916 2096; x_wconf 82' lang='lat' dir='ltr'><strong>condere</strong></span> <span class='ocrx_word' id='word_1_123' title='bbox 939 2040 1136 2091; x_wconf 87' lang='lat' dir='ltr'><strong>lumen&#39;</strong></span> <span class='ocrx_word' id='word_1_124' title='bbox 1161 2039 1373 2097; x_wconf 88' lang='lat' dir='ltr'><strong>dicitur,</strong></span> <span class='ocrx_word' id='word_1_125' title='bbox 1395 2053 1510 2089; x_wconf 88' lang='lat' dir='ltr'><strong>cum</strong></span> <span class='ocrx_word' id='word_1_126' title='bbox 1533 2037 1719 2086; x_wconf 84' lang='lat' dir='ltr'><strong>obscu-</strong></span> 
     </span>
     <span class='ocr_line' id='line_1_23' title="bbox 658 2113 1718 2180; baseline -0.006 -12"><span class='ocrx_word' id='word_1_127' title='bbox 658 2127 804 2170; x_wconf 81' lang='lat' dir='ltr'><strong>ratur</strong></span> <span class='ocrx_word' id='word_1_128' title='bbox 846 2119 913 2168; x_wconf 89' lang='lat' dir='ltr'><strong>ob</strong></span> <span class='ocrx_word' id='word_1_129' title='bbox 960 2117 1079 2166; x_wconf 80' lang='lat' dir='ltr'><strong>solis</strong></span> <span class='ocrx_word' id='word_1_130' title='bbox 1132 2116 1589 2180; x_wconf 78' lang='lat' dir='ltr'><strong>propinquitatem.</strong></span> <span class='ocrx_word' id='word_1_131' title='bbox 1640 2113 1718 2162; x_wconf 85' lang='lat' dir='ltr'><strong>sic</strong></span> 
     </span>
     <span class='ocr_line' id='line_1_24' title="bbox 659 2189 1720 2257; baseline -0.007 -13"><span class='ocrx_word' id='word_1_132' title='bbox 659 2196 798 2244; x_wconf 88' lang='lat' dir='ltr'><strong>idem</strong></span> <span class='ocrx_word' id='word_1_133' title='bbox 820 2209 933 2257; x_wconf 82' lang='lat' dir='ltr'><strong>sup.</strong></span> <span class='ocrx_word' id='word_1_134' title='bbox 954 2197 1003 2244; x_wconf 77' lang='lat'><strong>4.</strong></span> <span class='ocrx_word' id='word_1_135' title='bbox 1023 2197 1139 2242; x_wconf 73' lang='lat'><strong>435.</strong></span> <span class='ocrx_word' id='word_1_136' title='bbox 1162 2190 1228 2240; x_wconf 91' lang='lat' dir='ltr'><strong>de</strong></span> <span class='ocrx_word' id='word_1_137' title='bbox 1252 2192 1388 2240; x_wconf 72' lang='lat' dir='ltr'><strong>solet</strong></span> <span class='ocrx_word' id='word_1_138' title='bbox 1414 2193 1429 2219; x_wconf 91' lang='lat'>‘</span> <span class='ocrx_word' id='word_1_139' title='bbox 1448 2191 1537 2239; x_wconf 88' lang='lat' dir='ltr'><strong>Sol</strong></span> <span class='ocrx_word' id='word_1_140' title='bbox 1558 2189 1720 2252; x_wconf 35' lang='lat' dir='ltr'><strong>fitz-uti</strong></span> 
     </span>
     <span class='ocr_line' id='line_1_25' title="bbox 661 2262 1720 2329; baseline -0.007 -10"><span class='ocrx_word' id='word_1_141' title='bbox 661 2271 903 2318; x_wconf 79' lang='lat' dir='ltr'><strong>videatur</strong></span> <span class='ocrx_word' id='word_1_142' title='bbox 943 2268 1109 2329; x_wconf 88' lang='lat' dir='ltr'><strong>obire,</strong></span> <span class='ocrx_word' id='word_1_143' title='bbox 1150 2275 1204 2316; x_wconf 89' lang='lat' dir='ltr'><strong>et</strong></span> <span class='ocrx_word' id='word_1_144' title='bbox 1246 2267 1469 2316; x_wconf 86' lang='lat' dir='ltr'><strong>condere</strong></span> <span class='ocrx_word' id='word_1_145' title='bbox 1511 2262 1720 2324; x_wconf 86' lang='lat' dir='ltr'><strong>lumen,&#39;</strong></span> 
     </span>
     <span class='ocr_line' id='line_1_26' title="bbox 662 2344 1724 2398; baseline -0.008 0"><span class='ocrx_word' id='word_1_146' title='bbox 662 2353 759 2398; x_wconf 71' lang='grc' dir='ltr'>διο.</span> <span class='ocrx_word' id='word_1_147' title='bbox 820 2347 971 2395; x_wconf 85' lang='lat' dir='ltr'>Idem</span> <span class='ocrx_word' id='word_1_148' title='bbox 1005 2359 1107 2395; x_wconf 88' lang='lat' dir='ltr'><strong>non</strong></span> <span class='ocrx_word' id='word_1_149' title='bbox 1142 2345 1304 2393; x_wconf 87' lang='lat' dir='ltr'><strong>multo</strong></span> <span class='ocrx_word' id='word_1_150' title='bbox 1333 2357 1483 2392; x_wconf 86' lang='lat' dir='ltr'><strong>secus</strong></span> <span class='ocrx_word' id='word_1_151' title='bbox 1506 2347 1553 2392; x_wconf 73' lang='lat'><strong>3.</strong></span> <span class='ocrx_word' id='word_1_152' title='bbox 1578 2344 1724 2391; x_wconf 74' lang='lat'><strong>11⁰3.</strong></span> 
     </span>
     <span class='ocr_line' id='line_1_27' title="bbox 662 2417 1722 2482; baseline -0.005 -13"><span class='ocrx_word' id='word_1_153' title='bbox 662 2425 679 2450; x_wconf 80' lang='lat'><em>⁴</em></span> <span class='ocrx_word' id='word_1_154' title='bbox 701 2420 929 2472; x_wconf 77' lang='lat' dir='ltr'><strong>Proinde</strong></span> <span class='ocrx_word' id='word_1_155' title='bbox 966 2419 1095 2469; x_wconf 86' lang='lat' dir='ltr'><strong>licet</strong></span> <span class='ocrx_word' id='word_1_156' title='bbox 1128 2418 1334 2482; x_wconf 80' lang='lat' dir='ltr'>quotvis</span> <span class='ocrx_word' id='word_1_157' title='bbox 1358 2417 1579 2467; x_wconf 84' lang='lat' dir='ltr'><strong>vivendo</strong></span> <span class='ocrx_word' id='word_1_158' title='bbox 1603 2429 1722 2466; x_wconf 85' lang='lat' dir='ltr'><strong>con-</strong></span> 
     </span>
     <span class='ocr_line' id='line_1_28' title="bbox 666 2493 1441 2558; baseline -0.01 -10"><span class='ocrx_word' id='word_1_159' title='bbox 666 2498 793 2548; x_wconf 83' lang='lat' dir='ltr'><strong>dere</strong></span> <span class='ocrx_word' id='word_1_160' title='bbox 814 2497 1003 2558; x_wconf 83' lang='lat' dir='ltr'><strong>saecla‚’</strong></span> <span class='ocrx_word' id='word_1_161' title='bbox 1022 2497 1121 2544; x_wconf 85' lang='lat' dir='ltr'><strong>&amp;c.</strong></span> <span class='ocrx_word' id='word_1_162' title='bbox 1154 2493 1371 2558; x_wconf 72' lang='lat' dir='ltr'><strong>Iambin.</strong></span> <span class='ocrx_word' id='word_1_163' title='bbox 1430 2545 1441 2554; x_wconf 57' lang='lat'>‚</span> 
     </span>
    </p>

    <p class='ocr_par' dir='ltr' id='par_1_6' title="bbox 655 2567 1726 2861">
     <span class='ocr_line' id='line_1_29' title="bbox 734 2567 1726 2631; baseline -0.004 -11"><span class='ocrx_word' id='word_1_164' title='bbox 734 2575 833 2620; x_wconf 83' lang='grc'><strong>709</strong></span> <span class='ocrx_word' id='word_1_165' title='bbox 873 2569 1027 2620; x_wconf 77' lang='lat' dir='ltr'><strong>Debet</strong></span> <span class='ocrx_word' id='word_1_166' title='bbox 1057 2569 1195 2631; x_wconf 75' lang='lat' dir='ltr'><strong>item]</strong></span> <span class='ocrx_word' id='word_1_167' title='bbox 1236 2569 1365 2618; x_wconf 85' lang='lat' dir='ltr'><strong>Pius</strong></span> <span class='ocrx_word' id='word_1_168' title='bbox 1413 2567 1488 2618; x_wconf 86' lang='lat' dir='ltr'><strong>ait</strong></span> <span class='ocrx_word' id='word_1_169' title='bbox 1534 2568 1587 2617; x_wconf 90' lang='lat' dir='ltr'><strong>in</strong></span> <span class='ocrx_word' id='word_1_170' title='bbox 1623 2573 1726 2616; x_wconf 86' lang='lat' dir='ltr'><strong>vet.</strong></span> 
     </span>
     <span class='ocr_line' id='line_1_30' title="bbox 668 2643 1724 2709; baseline -0.009 -9"><span class='ocrx_word' id='word_1_171' title='bbox 668 2649 815 2700; x_wconf 88' lang='lat' dir='ltr'><strong>libris</strong></span> <span class='ocrx_word' id='word_1_172' title='bbox 835 2661 983 2697; x_wconf 71' lang='lat' dir='ltr'><strong>esset</strong></span> <span class='ocrx_word' id='word_1_173' title='bbox 1018 2647 1221 2703; x_wconf 75' lang='lat' dir='ltr'><strong>Debent,</strong></span> <span class='ocrx_word' id='word_1_174' title='bbox 1244 2647 1305 2708; x_wconf 79' lang='lat' dir='ltr'><strong>it,</strong></span> <span class='ocrx_word' id='word_1_175' title='bbox 1327 2651 1516 2709; x_wconf 80' lang='lat' dir='ltr'><strong>quanto.</strong></span> <span class='ocrx_word' id='word_1_176' title='bbox 1551 2643 1724 2695; x_wconf 83' lang='lat' dir='ltr'><strong>Gifan.</strong></span> 
     </span>
     <span class='ocr_line' id='line_1_31' title="bbox 655 2709 1726 2785; baseline -0.006 -10"><span class='ocrx_word' id='word_1_177' title='bbox 655 2771 659 2778; x_wconf 86' lang='lat'><strong>.</strong></span> <span class='ocrx_word' id='word_1_178' title='bbox 734 2728 832 2774; x_wconf 82' lang='grc'><strong>710</strong></span> <span class='ocrx_word' id='word_1_179' title='bbox 868 2723 963 2772; x_wconf 81' lang='lat' dir='ltr'><strong>Per</strong></span> <span class='ocrx_word' id='word_1_180' title='bbox 976 2721 1157 2784; x_wconf 77' lang='lat' dir='ltr'><strong>orbem]</strong></span> <span class='ocrx_word' id='word_1_181' title='bbox 1176 2723 1349 2785; x_wconf 78' lang='lat' dir='ltr'><strong>Junge</strong></span> <span class='ocrx_word' id='word_1_182' title='bbox 1371 2737 1487 2772; x_wconf 88' lang='lat' dir='ltr'><strong>cum</strong></span> <span class='ocrx_word' id='word_1_183' title='bbox 1501 2723 1571 2784; x_wconf 76' lang='grc' dir='ltr'><strong>τῷ</strong></span> <span class='ocrx_word' id='word_1_184' title='bbox 1589 2722 1606 2749; x_wconf 89' lang='lat'>‘</span> <span class='ocrx_word' id='word_1_185' title='bbox 1623 2709 1726 2784; x_wconf 60' lang='grc' dir='ltr'><strong>»ἰέ-</strong></span> 
     </span>
     <span class='ocr_line' id='line_1_32' title="bbox 670 2797 1708 2861; baseline -0.007 -10"><span class='ocrx_word' id='word_1_186' title='bbox 670 2815 849 2851; x_wconf 88' lang='lat' dir='ltr'><strong>norum</strong></span> <span class='ocrx_word' id='word_1_187' title='bbox 868 2798 900 2848; x_wconf 85' lang='lat'><strong>:’</strong></span> <span class='ocrx_word' id='word_1_188' title='bbox 924 2798 1166 2861; x_wconf 84' lang='lat' dir='ltr'><strong>intelligit</strong></span> <span class='ocrx_word' id='word_1_189' title='bbox 1180 2797 1465 2846; x_wconf 76' lang='lat' dir='ltr'><strong>zodiacum.</strong></span> <span class='ocrx_word' id='word_1_190' title='bbox 1486 2797 1662 2844; x_wconf 78' lang='lat' dir='ltr'><strong>Faber.</strong></span> <span class='ocrx_word' id='word_1_191' title='bbox 1704 2831 1708 2836; x_wconf 71' lang='lat'><strong>.</strong></span> 
     </span>
    </p>

    <p class='ocr_par' dir='ltr' id='par_1_7' title="bbox 674 2869 1740 3752">
     <span class='ocr_line' id='line_1_33' title="bbox 738 2869 1729 2934; baseline -0.006 -10"><span class='ocrx_word' id='word_1_192' title='bbox 738 2880 835 2926; x_wconf 75' lang='lat'><strong>⁷14</strong></span> <span class='ocrx_word' id='word_1_193' title='bbox 868 2875 961 2922; x_wconf 74' lang='lat' dir='ltr'><strong>Est</strong></span> <span class='ocrx_word' id='word_1_194' title='bbox 1005 2874 1150 2921; x_wconf 79' lang='lat' dir='ltr'><strong>etiam</strong></span> <span class='ocrx_word' id='word_1_195' title='bbox 1192 2886 1368 2934; x_wconf 78' lang='lat' dir='ltr'><strong>quoque</strong></span> <span class='ocrx_word' id='word_1_196' title='bbox 1420 2871 1518 2932; x_wconf 76' lang='lat' dir='ltr'><strong>uti]</strong></span> <span class='ocrx_word' id='word_1_197' title='bbox 1574 2869 1729 2920; x_wconf 81' lang='lat' dir='ltr'><strong>Quod</strong></span> 
     </span>
     <span class='ocr_line' id='line_1_34' title="bbox 674 2944 1728 3009; baseline -0.006 -11"><span class='ocrx_word' id='word_1_198' title='bbox 674 2950 921 2998; x_wconf 80' lang='lat' dir='ltr'><strong>dixerunt</strong></span> <span class='ocrx_word' id='word_1_199' title='bbox 944 2945 1333 2995; x_wconf 79' lang='lat' dir='ltr'><strong>Anaximander</strong></span> <span class='ocrx_word' id='word_1_200' title='bbox 1366 2952 1421 2994; x_wconf 86' lang='lat' dir='ltr'><strong>et</strong></span> <span class='ocrx_word' id='word_1_201' title='bbox 1444 2944 1728 3009; x_wconf 83' lang='lat' dir='ltr'><strong>Antiphon.</strong></span> 
     </span>
     <span class='ocr_line' id='line_1_35' title="bbox 674 3021 1730 3074; baseline -0.006 0"><span class='ocrx_word' id='word_1_202' title='bbox 674 3023 841 3074; x_wconf 74' lang='lat' dir='ltr'><strong>Lamb-</strong></span> <span class='ocrx_word' id='word_1_203' title='bbox 928 3021 1063 3072; x_wconf 84' lang='lat' dir='ltr'><strong>Haec</strong></span> <span class='ocrx_word' id='word_1_204' title='bbox 1107 3021 1300 3070; x_wconf 83' lang='lat' dir='ltr'><strong>dicitur</strong></span> <span class='ocrx_word' id='word_1_205' title='bbox 1356 3021 1730 3070; x_wconf 78' lang='lat' dir='ltr'><strong>Anaximandri</strong></span> 
     </span>
     <span class='ocr_line' id='line_1_36' title="bbox 678 3095 1733 3162; baseline -0.006 -12"><span class='ocrx_word' id='word_1_206' title='bbox 678 3100 873 3161; x_wconf 84' lang='lat' dir='ltr'><strong>opinio,</strong></span> <span class='ocrx_word' id='word_1_207' title='bbox 888 3112 1007 3162; x_wconf 76' lang='lat' dir='ltr'><strong>qnae</strong></span> <span class='ocrx_word' id='word_1_208' title='bbox 1034 3104 1207 3160; x_wconf 83' lang='lat' dir='ltr'><strong>tamen</strong></span> <span class='ocrx_word' id='word_1_209' title='bbox 1227 3097 1292 3145; x_wconf 87' lang='lat' dir='ltr'><strong>ab</strong></span> <span class='ocrx_word' id='word_1_210' title='bbox 1314 3097 1449 3145; x_wconf 87' lang='lat' dir='ltr'><strong>illins</strong></span> <span class='ocrx_word' id='word_1_211' title='bbox 1472 3095 1733 3146; x_wconf 84' lang='lat' dir='ltr'><strong>sententia</strong></span> 
     </span>
     <span class='ocr_line' id='line_1_37' title="bbox 677 3170 1732 3233; baseline -0.008 -7"><span class='ocrx_word' id='word_1_212' title='bbox 677 3175 903 3226; x_wconf 83' lang='lat' dir='ltr'><strong>maxime</strong></span> <span class='ocrx_word' id='word_1_213' title='bbox 920 3173 1087 3222; x_wconf 86' lang='lat' dir='ltr'><strong>distat</strong></span> <span class='ocrx_word' id='word_1_214' title='bbox 1105 3190 1121 3233; x_wconf 90' lang='lat'>;</span> <span class='ocrx_word' id='word_1_215' title='bbox 1140 3187 1258 3223; x_wconf 82' lang='lat' dir='ltr'><strong>nam</strong></span> <span class='ocrx_word' id='word_1_216' title='bbox 1280 3172 1321 3220; x_wconf 86' lang='lat' dir='ltr'><strong>si</strong></span> <span class='ocrx_word' id='word_1_217' title='bbox 1346 3170 1519 3221; x_wconf 80' lang='lat' dir='ltr'><strong>forsan</strong></span> <span class='ocrx_word' id='word_1_218' title='bbox 1536 3171 1732 3220; x_wconf 65' lang='lat' dir='ltr'><strong>Lunam</strong></span> 
     </span>
     <span class='ocr_line' id='line_1_38' title="bbox 678 3247 1735 3312; baseline -0.005 -13"><span class='ocrx_word' id='word_1_219' title='bbox 678 3250 871 3301; x_wconf 79' lang='lat' dir='ltr'><strong>dixerit</strong></span> <span class='ocrx_word' id='word_1_220' title='bbox 888 3249 1007 3299; x_wconf 70' lang='grc' dir='ltr'>ἴδιον</span> <span class='ocrx_word' id='word_1_221' title='bbox 1024 3247 1153 3312; x_wconf 77' lang='grc' dir='ltr'>ἔχειν</span> <span class='ocrx_word' id='word_1_222' title='bbox 1164 3249 1415 3312; x_wconf 77' lang='grc' dir='ltr'>φῶςΡΙιιι.</span> <span class='ocrx_word' id='word_1_223' title='bbox 1427 3249 1491 3297; x_wconf 89' lang='lat' dir='ltr'><strong>de</strong></span> <span class='ocrx_word' id='word_1_224' title='bbox 1509 3247 1735 3297; x_wconf 90' lang='lat' dir='ltr'><strong>Pl.Phil.</strong></span> 
     </span>
     <span class='ocr_line' id='line_1_39' title="bbox 678 3325 1735 3389; baseline -0.004 -13"><span class='ocrx_word' id='word_1_225' title='bbox 678 3332 761 3378; x_wconf 76' lang='lat'><strong>26.</strong></span> <span class='ocrx_word' id='word_1_226' title='bbox 790 3334 845 3376; x_wconf 83' lang='lat' dir='ltr'><strong>et</strong></span> <span class='ocrx_word' id='word_1_227' title='bbox 868 3331 949 3376; x_wconf 75' lang='lat'><strong>28.</strong></span> <span class='ocrx_word' id='word_1_228' title='bbox 971 3325 1203 3389; x_wconf 78' lang='grc' dir='ltr'>(ἔφασκεν</span> <span class='ocrx_word' id='word_1_229' title='bbox 1232 3345 1287 3374; x_wconf 77' lang='grc' dir='ltr'><strong>τε</strong></span> <span class='ocrx_word' id='word_1_230' title='bbox 1308 3325 1515 3385; x_wconf 81' lang='grc' dir='ltr'><strong><em>σελήνην</em></strong></span> <span class='ocrx_word' id='word_1_231' title='bbox 1532 3327 1735 3388; x_wconf 77' lang='grc' dir='ltr'>ψευδοει-</span> 
     </span>
     <span class='ocr_line' id='line_1_40' title="bbox 682 3399 1739 3464; baseline -0.001 -15"><span class='ocrx_word' id='word_1_232' title='bbox 682 3403 759 3464; x_wconf 79' lang='grc' dir='ltr'><strong>δῆ,</strong></span> <span class='ocrx_word' id='word_1_233' title='bbox 803 3400 881 3449; x_wconf 80' lang='grc' dir='ltr'><strong>καὶ</strong></span> <span class='ocrx_word' id='word_1_234' title='bbox 918 3399 1012 3448; x_wconf 76' lang='grc' dir='ltr'><strong>ἀπὸ</strong></span> <span class='ocrx_word' id='word_1_235' title='bbox 1052 3401 1188 3459; x_wconf 77' lang='grc' dir='ltr'>ἡλίου</span> <span class='ocrx_word' id='word_1_236' title='bbox 1217 3401 1530 3464; x_wconf 62' lang='grc' dir='ltr'>φωτίζεσθαι</span> <span class='ocrx_word' id='word_1_237' title='bbox 1579 3399 1739 3450; x_wconf 58' lang='lat' dir='ltr'><strong>Laer-</strong></span> 
     </span>
     <span class='ocr_line' id='line_1_41' title="bbox 680 3475 1740 3540; baseline -0.004 -12"><span class='ocrx_word' id='word_1_238' title='bbox 680 3475 811 3540; x_wconf 87' lang='lat' dir='ltr'><strong>tius)</strong></span> <span class='ocrx_word' id='word_1_239' title='bbox 832 3475 1001 3526; x_wconf 75' lang='lat' dir='ltr'><strong>,aliud</strong></span> <span class='ocrx_word' id='word_1_240' title='bbox 1028 3482 1201 3525; x_wconf 87' lang='lat' dir='ltr'><strong>tamen</strong></span> <span class='ocrx_word' id='word_1_241' title='bbox 1231 3491 1417 3540; x_wconf 87' lang='lat' dir='ltr'><strong>corpus</strong></span> <span class='ocrx_word' id='word_1_242' title='bbox 1460 3475 1599 3539; x_wconf 89' lang='lat' dir='ltr'><strong>qnod</strong></span> <span class='ocrx_word' id='word_1_243' title='bbox 1639 3488 1740 3524; x_wconf 79' lang='lat' dir='ltr'><strong>nna</strong></span> 
     </span>
     <span class='ocr_line' id='line_1_42' title="bbox 682 3550 1738 3614; baseline -0.005 -12"><span class='ocrx_word' id='word_1_244' title='bbox 682 3553 903 3614; x_wconf 84' lang='lat' dir='ltr'><strong>feratur,</strong></span> <span class='ocrx_word' id='word_1_245' title='bbox 924 3551 1062 3614; x_wconf 88' lang='lat' dir='ltr'><strong>quod</strong></span> <span class='ocrx_word' id='word_1_246' title='bbox 1087 3551 1325 3600; x_wconf 87' lang='lat' dir='ltr'><strong>omnibus</strong></span> <span class='ocrx_word' id='word_1_247' title='bbox 1358 3550 1525 3599; x_wconf 90' lang='lat' dir='ltr'><strong>modis</strong></span> <span class='ocrx_word' id='word_1_248' title='bbox 1559 3564 1738 3599; x_wconf 87' lang='lat' dir='ltr'><strong>occur-</strong></span> 
     </span>
     <span class='ocr_line' id='line_1_43' title="bbox 685 3625 1740 3691; baseline -0.002 -15"><span class='ocrx_word' id='word_1_249' title='bbox 685 3635 769 3678; x_wconf 88' lang='lat' dir='ltr'><strong>rat</strong></span> <span class='ocrx_word' id='word_1_250' title='bbox 807 3635 862 3676; x_wconf 88' lang='lat' dir='ltr'><strong>et</strong></span> <span class='ocrx_word' id='word_1_251' title='bbox 897 3625 1106 3688; x_wconf 85' lang='lat' dir='ltr'><strong>officiat,</strong></span> <span class='ocrx_word' id='word_1_252' title='bbox 1126 3641 1193 3674; x_wconf 91' lang='lat' dir='ltr'><strong>ne</strong></span> <span class='ocrx_word' id='word_1_253' title='bbox 1231 3626 1437 3691; x_wconf 88' lang='lat' dir='ltr'><strong>quidem</strong></span> <span class='ocrx_word' id='word_1_254' title='bbox 1460 3627 1513 3675; x_wconf 87' lang='lat' dir='ltr'><strong>in</strong></span> <span class='ocrx_word' id='word_1_255' title='bbox 1550 3625 1740 3674; x_wconf 86' lang='lat' dir='ltr'><strong>somnis</strong></span> 
     </span>
     <span class='ocr_line' id='line_1_44' title="bbox 688 3701 1738 3752; baseline -0.002 0"><span class='ocrx_word' id='word_1_256' title='bbox 688 3703 823 3752; x_wconf 79' lang='lat' dir='ltr'><strong>vidit</strong></span> <span class='ocrx_word' id='word_1_257' title='bbox 844 3703 987 3750; x_wconf 87' lang='lat' dir='ltr'><strong>Plut.</strong></span> <span class='ocrx_word' id='word_1_258' title='bbox 1008 3701 1075 3749; x_wconf 89' lang='lat' dir='ltr'><strong>de</strong></span> <span class='ocrx_word' id='word_1_259' title='bbox 1098 3701 1183 3750; x_wconf 91' lang='lat' dir='ltr'><strong>Pl.</strong></span> <span class='ocrx_word' id='word_1_260' title='bbox 1197 3701 1331 3750; x_wconf 82' lang='lat' dir='ltr'><strong>Phil.</strong></span> <span class='ocrx_word' id='word_1_261' title='bbox 1350 3707 1398 3751; x_wconf 91' lang='grc'><strong>2.</strong></span> <span class='ocrx_word' id='word_1_262' title='bbox 1420 3707 1506 3752; x_wconf 86' lang='grc'><strong>26.</strong></span> <span class='ocrx_word' id='word_1_263' title='bbox 1545 3701 1738 3750; x_wconf 75' lang='lat' dir='ltr'><strong>Creech.</strong></span> 
     </span>
    </p>

    <p class='ocr_par' dir='ltr' id='par_1_8' title="bbox 683 3775 1747 4220">
     <span class='ocr_line' id='line_1_45' title="bbox 752 3775 1740 3839; baseline -0.002 -13"><span class='ocrx_word' id='word_1_264' title='bbox 752 3775 852 3826; x_wconf 81' lang='grc'><strong>716</strong></span> <span class='ocrx_word' id='word_1_265' title='bbox 887 3777 1071 3839; x_wconf 74' lang='lat' dir='ltr'><strong>Corpus</strong></span> <span class='ocrx_word' id='word_1_266' title='bbox 1115 3777 1241 3826; x_wconf 80' lang='lat' dir='ltr'><strong>enim</strong></span> <span class='ocrx_word' id='word_1_267' title='bbox 1293 3776 1403 3825; x_wconf 78' lang='lat' dir='ltr'><strong>licet</strong></span> <span class='ocrx_word' id='word_1_268' title='bbox 1445 3791 1543 3825; x_wconf 81' lang='lat' dir='ltr'><strong>esse</strong></span> <span class='ocrx_word' id='word_1_269' title='bbox 1588 3775 1740 3838; x_wconf 77' lang='lat' dir='ltr'><strong>aliud]</strong></span> 
     </span>
     <span class='ocr_line' id='line_1_46' title="bbox 689 3852 1744 3916; baseline -0.003 -13"><span class='ocrx_word' id='word_1_270' title='bbox 689 3854 739 3903; x_wconf 91' lang='lat'><strong>1.</strong></span> <span class='ocrx_word' id='word_1_271' title='bbox 771 3868 825 3904; x_wconf 89' lang='lat' dir='ltr'><strong>e.·</strong></span> <span class='ocrx_word' id='word_1_272' title='bbox 844 3867 961 3902; x_wconf 87' lang='lat' dir='ltr'><strong>nam</strong></span> <span class='ocrx_word' id='word_1_273' title='bbox 996 3852 1111 3902; x_wconf 88' lang='lat' dir='ltr'><strong>fieri</strong></span> <span class='ocrx_word' id='word_1_274' title='bbox 1143 3859 1339 3916; x_wconf 87' lang='lat' dir='ltr'><strong>potest,</strong></span> <span class='ocrx_word' id='word_1_275' title='bbox 1362 3859 1423 3902; x_wconf 91' lang='lat' dir='ltr'><strong>ut</strong></span> <span class='ocrx_word' id='word_1_276' title='bbox 1454 3852 1521 3902; x_wconf 85' lang='lat' dir='ltr'><strong>sit</strong></span> <span class='ocrx_word' id='word_1_277' title='bbox 1546 3865 1744 3915; x_wconf 80' lang='lat' dir='ltr'><strong>corpus</strong></span> 
     </span>
     <span class='ocr_line' id='line_1_47' title="bbox 689 3927 1746 3993; baseline -0.003 -15"><span class='ocrx_word' id='word_1_278' title='bbox 689 3928 894 3993; x_wconf 77' lang='lat' dir='ltr'><strong>aliquod</strong></span> <span class='ocrx_word' id='word_1_279' title='bbox 936 3927 1071 3976; x_wconf 84' lang='lat' dir='ltr'><strong>aliud</strong></span> <span class='ocrx_word' id='word_1_280' title='bbox 1109 3943 1261 3990; x_wconf 87' lang='lat' dir='ltr'><strong>quam</strong></span> <span class='ocrx_word' id='word_1_281' title='bbox 1298 3930 1420 3976; x_wconf 88' lang='lat' dir='ltr'><strong>luna</strong></span> <span class='ocrx_word' id='word_1_282' title='bbox 1454 3927 1590 3992; x_wconf 88' lang='lat' dir='ltr'><strong>quod</strong></span> <span class='ocrx_word' id='word_1_283' title='bbox 1643 3941 1746 3976; x_wconf 82' lang='lat' dir='ltr'><strong>una</strong></span> 
     </span>
     <span class='ocr_line' id='line_1_48' title="bbox 690 4004 1746 4070; baseline -0.003 -14"><span class='ocrx_word' id='word_1_284' title='bbox 690 4021 808 4057; x_wconf 82' lang='lat' dir='ltr'><strong>cnm</strong></span> <span class='ocrx_word' id='word_1_285' title='bbox 831 4020 899 4056; x_wconf 87' lang='lat' dir='ltr'><strong>ea</strong></span> <span class='ocrx_word' id='word_1_286' title='bbox 914 4004 1117 4054; x_wconf 84' lang='lat' dir='ltr'><strong>feratur</strong></span> <span class='ocrx_word' id='word_1_287' title='bbox 1148 4011 1204 4055; x_wconf 87' lang='lat' dir='ltr'><strong>et</strong></span> <span class='ocrx_word' id='word_1_288' title='bbox 1227 4005 1451 4068; x_wconf 78' lang='lat' dir='ltr'><strong>labatur,</strong></span> <span class='ocrx_word' id='word_1_289' title='bbox 1474 4006 1626 4070; x_wconf 87' lang='lat' dir='ltr'><strong>eique</strong></span> <span class='ocrx_word' id='word_1_290' title='bbox 1659 4019 1746 4053; x_wconf 87' lang='lat' dir='ltr'><strong>oc·</strong></span> 
     </span>
     <span class='ocr_line' id='line_1_49' title="bbox 693 4079 1747 4146; baseline -0.002 -16"><span class='ocrx_word' id='word_1_291' title='bbox 693 4081 950 4133; x_wconf 75' lang='lat' dir='ltr'><strong>cursando</strong></span> <span class='ocrx_word' id='word_1_292' title='bbox 991 4088 1147 4146; x_wconf 74' lang='lat' dir='ltr'><strong>atque</strong></span> <span class='ocrx_word' id='word_1_293' title='bbox 1185 4079 1455 4131; x_wconf 87' lang='lat' dir='ltr'><strong>officiendo</strong></span> <span class='ocrx_word' id='word_1_294' title='bbox 1477 4079 1656 4130; x_wconf 67' lang='lat' dir='ltr'><strong>faciat</strong></span> <span class='ocrx_word' id='word_1_295' title='bbox 1686 4084 1747 4128; x_wconf 90' lang='lat' dir='ltr'><strong>nt</strong></span> 
     </span>
     <span class='ocr_line' id='line_1_50' title="bbox 683 4155 1744 4220; baseline -0.001 -14"><span class='ocrx_word' id='word_1_296' title='bbox 683 4157 815 4206; x_wconf 72' lang='lat' dir='ltr'><strong>luna</strong></span> <span class='ocrx_word' id='word_1_297' title='bbox 856 4156 1024 4205; x_wconf 85' lang='lat' dir='ltr'><strong>varias</strong></span> <span class='ocrx_word' id='word_1_298' title='bbox 1074 4155 1267 4206; x_wconf 84' lang='lat' dir='ltr'><strong>formas</strong></span> <span class='ocrx_word' id='word_1_299' title='bbox 1320 4157 1523 4208; x_wconf 88' lang='lat' dir='ltr'><strong>reddat.</strong></span> <span class='ocrx_word' id='word_1_300' title='bbox 1554 4155 1744 4220; x_wconf 24' lang='lat' dir='ltr'><strong>*lamb</strong></span> 
     </span>
    </p>
   </div>
   <div class='ocr_carea' id='block_1_3' title="bbox 698 4232 1747 4296">
    <p class='ocr_par' dir='ltr' id='par_1_9' title="bbox 698 4232 1747 4296">
     <span class='ocr_line' id='line_1_51' title="bbox 698 4232 1747 4296; baseline 0.001 -15"><span class='ocrx_word' id='word_1_301' title='bbox 698 4233 881 4296; x_wconf 74' lang='lat' dir='ltr'><strong>Corpus</strong></span> <span class='ocrx_word' id='word_1_302' title='bbox 913 4233 1056 4283; x_wconf 79' lang='lat' dir='ltr'><strong>enim.</strong></span> <span class='ocrx_word' id='word_1_303' title='bbox 1104 4232 1167 4282; x_wconf 90' lang='lat' dir='ltr'><strong>In</strong></span> <span class='ocrx_word' id='word_1_304' title='bbox 1212 4233 1399 4284; x_wconf 85' lang='lat' dir='ltr'><strong>nostris</strong></span> <span class='ocrx_word' id='word_1_305' title='bbox 1446 4239 1555 4284; x_wconf 86' lang='lat' dir='ltr'><strong>vet.</strong></span> <span class='ocrx_word' id='word_1_306' title='bbox 1590 4233 1705 4282; x_wconf 74' lang='lat' dir='ltr'><strong>item</strong></span> <span class='ocrx_word' id='word_1_307' title='bbox 1726 4247 1747 4290; x_wconf 89' lang='lat'><strong>‚·</strong></span> 
     </span>
    </p>
   </div>
   <div class='ocr_carea' id='block_1_4' title="bbox 1328 389 2122 442">
    <p class='ocr_par' dir='ltr' id='par_1_10' title="bbox 1328 389 2122 442">
     <span class='ocr_line' id='line_1_52' title="bbox 1328 389 2122 442; baseline -0.006 0"><span class='ocrx_word' id='word_1_308' title='bbox 1328 393 1543 442; x_wconf 76' lang='lat' dir='ltr'><strong>No‘rAE</strong></span> <span class='ocrx_word' id='word_1_309' title='bbox 1590 389 1993 440; x_wconf 77' lang='lat' dir='ltr'><strong>vAtuoRuM</strong></span> <span class='ocrx_word' id='word_1_310' title='bbox 2045 389 2122 438; x_wconf 73' lang='lat' dir='ltr'><strong>m</strong></span> 
     </span>
    </p>
   </div>
   <div class='ocr_carea' id='block_1_5' title="bbox 1757 531 2828 810">
    <p class='ocr_par' dir='ltr' id='par_1_11' title="bbox 1757 531 2823 671">
     <span class='ocr_line' id='line_1_53' title="bbox 1757 531 2724 595; baseline -0.008 -9"><span class='ocrx_word' id='word_1_311' title='bbox 1757 536 1913 595; x_wconf 75' lang='lat' dir='ltr'><strong>maie,</strong></span> <span class='ocrx_word' id='word_1_312' title='bbox 1932 534 2031 583; x_wconf 83' lang='lat' dir='ltr'><strong>nisi</strong></span> <span class='ocrx_word' id='word_1_313' title='bbox 2049 531 2222 583; x_wconf 81' lang='lat' dir='ltr'><strong>fallor.</strong></span> <span class='ocrx_word' id='word_1_314' title='bbox 2251 531 2425 592; x_wconf 66' lang='lat' dir='ltr'><strong>Giftm.</strong></span> <span class='ocrx_word' id='word_1_315' title='bbox 2465 535 2476 542; x_wconf 92' lang='grc'><em>”</em></span> <span class='ocrx_word' id='word_1_316' title='bbox 2714 553 2724 564; x_wconf 68' lang='grc' dir='ltr'>ι</span> 
     </span>
     <span class='ocr_line' id='line_1_54' title="bbox 1823 606 2823 671; baseline -0.004 -13"><span class='ocrx_word' id='word_1_317' title='bbox 1823 614 1920 658; x_wconf 81' lang='grc'><strong>719</strong></span> <span class='ocrx_word' id='word_1_318' title='bbox 1960 607 2238 670; x_wconf 68' lang='lat' dir='ltr'><strong>Ver-narique</strong></span> <span class='ocrx_word' id='word_1_319' title='bbox 2255 608 2432 671; x_wconf 78' lang='lat' dir='ltr'><strong>potest]</strong></span> <span class='ocrx_word' id='word_1_320' title='bbox 2452 606 2657 668; x_wconf 82' lang='lat' dir='ltr'><strong>Nempe</strong></span> <span class='ocrx_word' id='word_1_321' title='bbox 2673 607 2823 654; x_wconf 76' lang='lat' dir='ltr'><strong>luna.</strong></span> 
     </span>
    </p>

    <p class='ocr_par' dir='ltr' id='par_1_12' title="bbox 1761 679 2822 747">
     <span class='ocr_line' id='line_1_55' title="bbox 1761 679 2822 747; baseline -0.006 -13"><span class='ocrx_word' id='word_1_322' title='bbox 1761 684 1883 735; x_wconf 86' lang='lat' dir='ltr'><strong>Alia</strong></span> <span class='ocrx_word' id='word_1_323' title='bbox 1906 693 1987 734; x_wconf 88' lang='lat' dir='ltr'><strong>est</strong></span> <span class='ocrx_word' id='word_1_324' title='bbox 2011 684 2164 746; x_wconf 63' lang='lat' dir='ltr'><strong>ratim,</strong></span> <span class='ocrx_word' id='word_1_325' title='bbox 2178 697 2336 747; x_wconf 83' lang='lat' dir='ltr'><strong>quare</strong></span> <span class='ocrx_word' id='word_1_326' title='bbox 2352 684 2472 731; x_wconf 87' lang='lat' dir='ltr'><strong>luna</strong></span> <span class='ocrx_word' id='word_1_327' title='bbox 2493 681 2664 730; x_wconf 84' lang='lat' dir='ltr'><strong>varias</strong></span> <span class='ocrx_word' id='word_1_328' title='bbox 2687 679 2822 744; x_wconf 83' lang='lat' dir='ltr'><strong>fign-</strong></span> 
     </span>
    </p>

    <p class='ocr_par' dir='ltr' id='par_1_13' title="bbox 1766 755 2828 810">
     <span class='ocr_line' id='line_1_56' title="bbox 1766 755 2828 810; baseline -0.007 0"><span class='ocrx_word' id='word_1_329' title='bbox 1766 776 1852 810; x_wconf 81' lang='lat' dir='ltr'><strong>ras</strong></span> <span class='ocrx_word' id='word_1_330' title='bbox 1889 760 2093 810; x_wconf 85' lang='lat' dir='ltr'><strong>reddat.</strong></span> <span class='ocrx_word' id='word_1_331' title='bbox 2117 759 2283 808; x_wconf 77' lang='lat' dir='ltr'><strong>Lamb.</strong></span> <span class='ocrx_word' id='word_1_332' title='bbox 2349 757 2438 806; x_wconf 84' lang='lat' dir='ltr'><strong>Ita</strong></span> <span class='ocrx_word' id='word_1_333' title='bbox 2457 755 2636 805; x_wconf 82' lang='lat' dir='ltr'><strong>docuit</strong></span> <span class='ocrx_word' id='word_1_334' title='bbox 2656 757 2828 805; x_wconf 89' lang='lat' dir='ltr'><strong>Bero-</strong></span> 
     </span>
    </p>
   </div>
   <div class='ocr_carea' id='block_1_6' title="bbox 1767 829 2831 960">
    <p class='ocr_par' dir='ltr' id='par_1_14' title="bbox 1767 829 2831 960">
     <span class='ocr_line' id='line_1_57' title="bbox 1767 829 2831 920; baseline -0.007 -36"><span class='ocrx_word' id='word_1_335' title='bbox 1767 851 1852 884; x_wconf 87' lang='lat' dir='ltr'><strong>sus</strong></span> <span class='ocrx_word' id='word_1_336' title='bbox 1875 836 1969 885; x_wconf 85' lang='lat' dir='ltr'><strong>snb</strong></span> <span class='ocrx_word' id='word_1_337' title='bbox 1991 834 2250 886; x_wconf 82' lang='lat' dir='ltr'><strong>Antiocho</strong></span> <span class='ocrx_word' id='word_1_338' title='bbox 2281 832 2471 882; x_wconf 87' lang='lat' dir='ltr'><strong>Sotere</strong></span> <span class='ocrx_word' id='word_1_339' title='bbox 2511 829 2831 920; x_wconf 79' lang='lat' dir='ltr'><strong>astronomi-a</strong></span> 
     </span>
     <span class='ocr_line' id='line_1_58' title="bbox 1769 909 2174 960; baseline -0.005 0"><span class='ocrx_word' id='word_1_340' title='bbox 1769 912 1956 960; x_wconf 85' lang='lat' dir='ltr'><strong>clarus.</strong></span> <span class='ocrx_word' id='word_1_341' title='bbox 1982 909 2174 959; x_wconf 72' lang='lat' dir='ltr'><strong>Creech.</strong></span> 
     </span>
    </p>
   </div>
   <div class='ocr_carea' id='block_1_7' title="bbox 1771 979 2843 1415">
    <p class='ocr_par' dir='ltr' id='par_1_15' title="bbox 1771 979 2843 1415">
     <span class='ocr_line' id='line_1_59' title="bbox 1839 979 2832 1046; baseline -0.006 -13"><span class='ocrx_word' id='word_1_342' title='bbox 1839 986 2017 1034; x_wconf 75' lang='lat' dir='ltr'><strong>Globus</strong></span> <span class='ocrx_word' id='word_1_343' title='bbox 2031 989 2106 1046; x_wconf 72' lang='lat' dir='ltr'><strong>ut,</strong></span> <span class='ocrx_word' id='word_1_344' title='bbox 2134 985 2177 1032; x_wconf 80' lang='lat' dir='ltr'><strong>si</strong></span> <span class='ocrx_word' id='word_1_345' title='bbox 2203 984 2359 1042; x_wconf 73' lang='lat' dir='ltr'><strong>sorte,</strong></span> <span class='ocrx_word' id='word_1_346' title='bbox 2395 980 2538 1044; x_wconf 74' lang='lat' dir='ltr'><strong>pilai]</strong></span> <span class='ocrx_word' id='word_1_347' title='bbox 2571 979 2832 1030; x_wconf 80' lang='lat' dir='ltr'><strong>Emenda-</strong></span> 
     </span>
     <span class='ocr_line' id='line_1_60' title="bbox 1771 1056 2834 1118; baseline -0.008 -7"><span class='ocrx_word' id='word_1_348' title='bbox 1771 1061 1864 1111; x_wconf 83' lang='lat' dir='ltr'><strong>bat</strong></span> <span class='ocrx_word' id='word_1_349' title='bbox 1897 1061 2018 1109; x_wconf 88' lang='lat' dir='ltr'><strong>olim</strong></span> <span class='ocrx_word' id='word_1_350' title='bbox 2040 1059 2094 1110; x_wconf 85' lang='lat' dir='ltr'><strong>J.</strong></span> <span class='ocrx_word' id='word_1_351' title='bbox 2137 1059 2320 1107; x_wconf 82' lang='lat' dir='ltr'><strong>Douza</strong></span> <span class='ocrx_word' id='word_1_352' title='bbox 2358 1058 2548 1106; x_wconf 70' lang='lat' dir='ltr'><strong>Filiusa</strong></span> <span class='ocrx_word' id='word_1_353' title='bbox 2579 1056 2745 1118; x_wconf 78' lang='lat' dir='ltr'><strong>globus</strong></span> <span class='ocrx_word' id='word_1_354' title='bbox 2774 1059 2834 1103; x_wconf 73' lang='lat' dir='ltr'><strong>nt</strong></span> 
     </span>
     <span class='ocr_line' id='line_1_61' title="bbox 1773 1137 2832 1201; baseline -0.006 -14"><span class='ocrx_word' id='word_1_355' title='bbox 1773 1139 1986 1199; x_wconf 76' lang='lat' dir='ltr'><strong>sitforte</strong></span> <span class='ocrx_word' id='word_1_356' title='bbox 2000 1137 2139 1201; x_wconf 79' lang='lat' dir='ltr'><strong>pilai,</strong></span> <span class='ocrx_word' id='word_1_357' title='bbox 2158 1141 2258 1186; x_wconf 69' lang='grc' dir='ltr'>διο.</span> <span class='ocrx_word' id='word_1_358' title='bbox 2281 1137 2348 1185; x_wconf 88' lang='lat' dir='ltr'><strong>de</strong></span> <span class='ocrx_word' id='word_1_359' title='bbox 2373 1151 2474 1200; x_wconf 88' lang='lat' dir='ltr'><strong>quo</strong></span> <span class='ocrx_word' id='word_1_360' title='bbox 2498 1137 2574 1184; x_wconf 87' lang='lat' dir='ltr'><strong>ita</strong></span> <span class='ocrx_word' id='word_1_361' title='bbox 2601 1137 2652 1184; x_wconf 92' lang='lat' dir='ltr'><strong>in</strong></span> <span class='ocrx_word' id='word_1_362' title='bbox 2671 1147 2832 1182; x_wconf 88' lang='lat' dir='ltr'><strong>anno-</strong></span> 
     </span>
     <span class='ocr_line' id='line_1_62' title="bbox 1777 1210 2836 1277; baseline -0.007 -13"><span class='ocrx_word' id='word_1_363' title='bbox 1777 1215 2056 1264; x_wconf 81' lang='lat' dir='ltr'><strong>tationi-bus</strong></span> <span class='ocrx_word' id='word_1_364' title='bbox 2083 1212 2392 1277; x_wconf 86' lang='lat' dir='ltr'><strong>quibusdam</strong></span> <span class='ocrx_word' id='word_1_365' title='bbox 2420 1212 2555 1260; x_wconf 85' lang='lat' dir='ltr'><strong>Mss.</strong></span> <span class='ocrx_word' id='word_1_366' title='bbox 2600 1211 2680 1258; x_wconf 90' lang='lat' dir='ltr'><strong>vir</strong></span> <span class='ocrx_word' id='word_1_367' title='bbox 2709 1210 2836 1258; x_wconf 88' lang='lat' dir='ltr'><strong>doc·</strong></span> 
     </span>
     <span class='ocr_line' id='line_1_63' title="bbox 1779 1287 2840 1353; baseline -0.005 -14"><span class='ocrx_word' id='word_1_368' title='bbox 1779 1299 1884 1353; x_wconf 87' lang='lat' dir='ltr'><strong>tus,</strong></span> <span class='ocrx_word' id='word_1_369' title='bbox 1919 1289 2066 1352; x_wconf 83' lang='lat' dir='ltr'><strong>cujus</strong></span> <span class='ocrx_word' id='word_1_370' title='bbox 2105 1289 2228 1336; x_wconf 77' lang='lat' dir='ltr'><strong>mihi</strong></span> <span class='ocrx_word' id='word_1_371' title='bbox 2271 1301 2454 1336; x_wconf 81' lang='lat' dir='ltr'><strong>manns</strong></span> <span class='ocrx_word' id='word_1_372' title='bbox 2493 1287 2674 1349; x_wconf 78' lang='lat' dir='ltr'><strong>ignota</strong></span> <span class='ocrx_word' id='word_1_373' title='bbox 2717 1292 2840 1334; x_wconf 81' lang='lat' dir='ltr'><strong>est:</strong></span> 
     </span>
     <span class='ocr_line' id='line_1_64' title="bbox 1779 1361 2843 1415; baseline -0.005 -1"><span class='ocrx_word' id='word_1_374' title='bbox 1779 1365 1964 1415; x_wconf 88' lang='lat' dir='ltr'><strong>Berosi</strong></span> <span class='ocrx_word' id='word_1_375' title='bbox 1997 1363 2304 1414; x_wconf 80' lang='lat' dir='ltr'><strong>sententiam</strong></span> <span class='ocrx_word' id='word_1_376' title='bbox 2335 1377 2580 1413; x_wconf 84' lang='lat' dir='ltr'><strong>enarrare</strong></span> <span class='ocrx_word' id='word_1_377' title='bbox 2617 1361 2843 1411; x_wconf 81' lang='lat' dir='ltr'><strong>voluisse</strong></span> 
     </span>
    </p>
   </div>
   <div class='ocr_carea' id='block_1_8' title="bbox 1766 1437 2844 1506">
    <p class='ocr_par' dir='ltr' id='par_1_16' title="bbox 1766 1437 2844 1506">
     <span class='ocr_line' id='line_1_65' title="bbox 1766 1437 2844 1506; baseline -0.006 -16"><span class='ocrx_word' id='word_1_378' title='bbox 1766 1437 1990 1506; x_wconf 69' lang='lat' dir='ltr'><strong>&#39;poetam</strong></span> <span class='ocrx_word' id='word_1_379' title='bbox 2046 1441 2128 1488; x_wconf 85' lang='lat' dir='ltr'><strong>his</strong></span> <span class='ocrx_word' id='word_1_380' title='bbox 2172 1439 2424 1501; x_wconf 76' lang='lat' dir='ltr'><strong>versibuS,</strong></span> <span class='ocrx_word' id='word_1_381' title='bbox 2461 1437 2844 1502; x_wconf 75' lang='lat' dir='ltr'><strong>elegantissimi</strong></span> 
     </span>
    </p>
   </div>
   <div class='ocr_carea' id='block_1_9' title="bbox 1784 1513 2859 2414">
    <p class='ocr_par' dir='ltr' id='par_1_17' title="bbox 1784 1513 2859 2414">
     <span class='ocr_line' id='line_1_66' title="bbox 1784 1513 2843 1578; baseline -0.003 -14"><span class='ocrx_word' id='word_1_382' title='bbox 1784 1513 2170 1578; x_wconf 81' lang='lat' dir='ltr'><strong>acutissimiqne</strong></span> <span class='ocrx_word' id='word_1_383' title='bbox 2209 1513 2406 1577; x_wconf 85' lang='lat' dir='ltr'><strong>ingenii</strong></span> <span class='ocrx_word' id='word_1_384' title='bbox 2445 1513 2752 1572; x_wconf 72' lang='lat' dir='ltr'><strong>adolescens</strong></span> <span class='ocrx_word' id='word_1_385' title='bbox 2787 1513 2843 1563; x_wconf 81' lang='grc'><strong>,1.</strong></span> 
     </span>
     <span class='ocr_line' id='line_1_67' title="bbox 1784 1587 2841 1648; baseline -0.004 -8"><span class='ocrx_word' id='word_1_386' title='bbox 1784 1592 1965 1640; x_wconf 86' lang='lat' dir='ltr'><strong>Douza</strong></span> <span class='ocrx_word' id='word_1_387' title='bbox 1986 1591 2142 1640; x_wconf 84' lang='lat' dir='ltr'><strong>Filius</strong></span> <span class='ocrx_word' id='word_1_388' title='bbox 2159 1589 2374 1648; x_wconf 88' lang='lat' dir='ltr'><strong>monuit,</strong></span> <span class='ocrx_word' id='word_1_389' title='bbox 2396 1589 2445 1636; x_wconf 90' lang='lat' dir='ltr'><strong>in</strong></span> <span class='ocrx_word' id='word_1_390' title='bbox 2473 1588 2626 1638; x_wconf 84' lang='lat' dir='ltr'><strong>Notis</strong></span> <span class='ocrx_word' id='word_1_391' title='bbox 2651 1587 2719 1636; x_wconf 81' lang='lat' dir='ltr'><strong>ad</strong></span> <span class='ocrx_word' id='word_1_392' title='bbox 2743 1587 2841 1636; x_wconf 79' lang='lat' dir='ltr'><strong>Ca-</strong></span> 
     </span>
     <span class='ocr_line' id='line_1_68' title="bbox 1787 1663 2845 1728; baseline -0.004 -12"><span class='ocrx_word' id='word_1_393' title='bbox 1787 1668 1967 1716; x_wconf 89' lang='lat' dir='ltr'><strong>tullum</strong></span> <span class='ocrx_word' id='word_1_394' title='bbox 1992 1681 2106 1728; x_wconf 83' lang='lat' dir='ltr'><strong>cap.</strong></span> <span class='ocrx_word' id='word_1_395' title='bbox 2129 1669 2180 1715; x_wconf 78' lang='lat'><strong>4.</strong></span> <span class='ocrx_word' id='word_1_396' title='bbox 2246 1665 2429 1713; x_wconf 85' lang='lat' dir='ltr'><strong>Berosi</strong></span> <span class='ocrx_word' id='word_1_397' title='bbox 2466 1677 2620 1726; x_wconf 89' lang='lat' dir='ltr'><strong>porro</strong></span> <span class='ocrx_word' id='word_1_398' title='bbox 2643 1663 2845 1712; x_wconf 84' lang='lat' dir='ltr'><strong>doctri-</strong></span> 
     </span>
     <span class='ocr_line' id='line_1_69' title="bbox 1787 1739 2852 1803; baseline -0.004 -12"><span class='ocrx_word' id='word_1_399' title='bbox 1787 1757 1906 1793; x_wconf 84' lang='lat' dir='ltr'><strong>nam</strong></span> <span class='ocrx_word' id='word_1_400' title='bbox 1929 1742 2105 1790; x_wconf 86' lang='lat' dir='ltr'><strong>multis</strong></span> <span class='ocrx_word' id='word_1_401' title='bbox 2121 1739 2290 1798; x_wconf 83' lang='lat' dir='ltr'><strong>verbis</strong></span> <span class='ocrx_word' id='word_1_402' title='bbox 2304 1739 2538 1802; x_wconf 85' lang='lat' dir='ltr'><strong>explicat</strong></span> <span class='ocrx_word' id='word_1_403' title='bbox 2552 1740 2852 1803; x_wconf 80' lang='lat' dir='ltr'><strong>Vitruvius,</strong></span> 
     </span>
     <span class='ocr_line' id='line_1_70' title="bbox 1789 1815 2848 1880; baseline -0.003 -13"><span class='ocrx_word' id='word_1_404' title='bbox 1789 1823 1838 1868; x_wconf 86' lang='lat'><strong>9.</strong></span> <span class='ocrx_word' id='word_1_405' title='bbox 1852 1823 1902 1867; x_wconf 76' lang='lat'><strong>4.</strong></span> <span class='ocrx_word' id='word_1_406' title='bbox 1927 1818 2018 1867; x_wconf 88' lang='lat' dir='ltr'><strong>sed</strong></span> <span class='ocrx_word' id='word_1_407' title='bbox 2043 1817 2305 1866; x_wconf 85' lang='lat' dir='ltr'><strong>sententia</strong></span> <span class='ocrx_word' id='word_1_408' title='bbox 2320 1817 2522 1880; x_wconf 88' lang='lat' dir='ltr'><strong>ejus,ut</strong></span> <span class='ocrx_word' id='word_1_409' title='bbox 2535 1815 2848 1865; x_wconf 86' lang='lat' dir='ltr'><strong>brevissime</strong></span> 
     </span>
     <span class='ocr_line' id='line_1_71' title="bbox 1791 1885 2846 1958; baseline -0.003 -15"><span class='ocrx_word' id='word_1_410' title='bbox 1791 1893 2158 1958; x_wconf 80' lang='lat' dir='ltr'><strong>perstringam,</strong></span> <span class='ocrx_word' id='word_1_411' title='bbox 2173 1893 2286 1940; x_wconf 75' lang='lat' dir='ltr'><strong>liaec</strong></span> <span class='ocrx_word' id='word_1_412' title='bbox 2311 1899 2392 1940; x_wconf 88' lang='lat' dir='ltr'><strong>est</strong></span> <span class='ocrx_word' id='word_1_413' title='bbox 2411 1908 2428 1952; x_wconf 78' lang='lat'>3</span> <span class='ocrx_word' id='word_1_414' title='bbox 2451 1895 2465 1920; x_wconf 91' lang='lat'>‘</span> <span class='ocrx_word' id='word_1_415' title='bbox 2487 1885 2692 1954; x_wconf 77' lang='lat' dir='ltr'><strong>Corpus</strong></span> <span class='ocrx_word' id='word_1_416' title='bbox 2708 1893 2846 1940; x_wconf 82' lang='lat' dir='ltr'><strong>lunae</strong></span> 
     </span>
     <span class='ocr_line' id='line_1_72' title="bbox 1793 1967 2854 2034; baseline -0.002 -16"><span class='ocrx_word' id='word_1_417' title='bbox 1793 1971 1950 2034; x_wconf 79' lang='lat' dir='ltr'><strong>pilam</strong></span> <span class='ocrx_word' id='word_1_418' title='bbox 1973 1984 2087 2018; x_wconf 87' lang='lat' dir='ltr'><strong>esse</strong></span> <span class='ocrx_word' id='word_1_419' title='bbox 2123 1968 2338 2018; x_wconf 84' lang='lat' dir='ltr'><strong>dimidia</strong></span> <span class='ocrx_word' id='word_1_420' title='bbox 2367 1976 2519 2032; x_wconf 87' lang='lat' dir='ltr'><strong>parte</strong></span> <span class='ocrx_word' id='word_1_421' title='bbox 2554 1967 2854 2029; x_wconf 84' lang='lat' dir='ltr'><strong>candidam,</strong></span> 
     </span>
     <span class='ocr_line' id='line_1_73' title="bbox 1795 2046 2852 2097; baseline -0.004 0"><span class='ocrx_word' id='word_1_422' title='bbox 1795 2049 1964 2097; x_wconf 81' lang='lat' dir='ltr'><strong>altera</strong></span> <span class='ocrx_word' id='word_1_423' title='bbox 1998 2047 2303 2096; x_wconf 82' lang='lat' dir='ltr'><strong>coernleam:</strong></span> <span class='ocrx_word' id='word_1_424' title='bbox 2339 2046 2393 2094; x_wconf 88' lang='lat' dir='ltr'><strong>in</strong></span> <span class='ocrx_word' id='word_1_425' title='bbox 2433 2047 2576 2095; x_wconf 87' lang='lat' dir='ltr'><strong>coitu</strong></span> <span class='ocrx_word' id='word_1_426' title='bbox 2613 2046 2738 2094; x_wconf 84' lang='lat' dir='ltr'><strong>solis</strong></span> <span class='ocrx_word' id='word_1_427' title='bbox 2769 2059 2852 2094; x_wconf 85' lang='lat' dir='ltr'><strong>ar·</strong></span> 
     </span>
     <span class='ocr_line' id='line_1_74' title="bbox 1795 2123 2854 2188; baseline -0.003 -15"><span class='ocrx_word' id='word_1_428' title='bbox 1795 2125 1919 2174; x_wconf 87' lang='lat' dir='ltr'><strong>dore</strong></span> <span class='ocrx_word' id='word_1_429' title='bbox 1931 2123 2144 2187; x_wconf 83' lang='lat' dir='ltr'><strong>corripi,</strong></span> <span class='ocrx_word' id='word_1_430' title='bbox 2159 2125 2498 2188; x_wconf 84' lang='lat' dir='ltr'><strong>convertique</strong></span> <span class='ocrx_word' id='word_1_431' title='bbox 2515 2130 2720 2187; x_wconf 86' lang='lat' dir='ltr'><strong>partem</strong></span> <span class='ocrx_word' id='word_1_432' title='bbox 2737 2123 2854 2186; x_wconf 84' lang='lat' dir='ltr'><strong>ejus</strong></span> 
     </span>
     <span class='ocr_line' id='line_1_75' title="bbox 1795 2198 2856 2260; baseline -0.003 -11"><span class='ocrx_word' id='word_1_433' title='bbox 1795 2199 2106 2249; x_wconf 87' lang='lat' dir='ltr'><strong>candentem</strong></span> <span class='ocrx_word' id='word_1_434' title='bbox 2125 2198 2190 2246; x_wconf 84' lang='lat' dir='ltr'><strong>ad</strong></span> <span class='ocrx_word' id='word_1_435' title='bbox 2213 2199 2336 2248; x_wconf 84' lang='lat' dir='ltr'><strong>solis</strong></span> <span class='ocrx_word' id='word_1_436' title='bbox 2357 2199 2546 2260; x_wconf 88' lang='lat' dir='ltr'><strong>lumen,</strong></span> <span class='ocrx_word' id='word_1_437' title='bbox 2569 2199 2856 2247; x_wconf 84' lang='lat' dir='ltr'><strong>coernlearn</strong></span> 
     </span>
     <span class='ocr_line' id='line_1_76' title="bbox 1797 2273 2859 2339; baseline -0.002 -16"><span class='ocrx_word' id='word_1_438' title='bbox 1797 2274 1865 2324; x_wconf 89' lang='lat' dir='ltr'><strong>ad</strong></span> <span class='ocrx_word' id='word_1_439' title='bbox 1895 2288 2020 2336; x_wconf 83' lang='lat' dir='ltr'><strong>nos,</strong></span> <span class='ocrx_word' id='word_1_440' title='bbox 2065 2289 2180 2337; x_wconf 81' lang='lat' dir='ltr'><strong>qnae</strong></span> <span class='ocrx_word' id='word_1_441' title='bbox 2216 2274 2350 2339; x_wconf 85' lang='lat' dir='ltr'><strong>qnod</strong></span> <span class='ocrx_word' id='word_1_442' title='bbox 2389 2275 2612 2323; x_wconf 86' lang='lat' dir='ltr'><strong>candens</strong></span> <span class='ocrx_word' id='word_1_443' title='bbox 2647 2287 2750 2321; x_wconf 88' lang='lat' dir='ltr'><strong>non</strong></span> <span class='ocrx_word' id='word_1_444' title='bbox 2786 2273 2859 2322; x_wconf 83' lang='lat' dir='ltr'><strong>sit</strong></span> 
     </span>
     <span class='ocr_line' id='line_1_77' title="bbox 1799 2349 2856 2414; baseline -0.002 -14"><span class='ocrx_word' id='word_1_445' title='bbox 1799 2351 2017 2400; x_wconf 87' lang='lat' dir='ltr'><strong>obscura</strong></span> <span class='ocrx_word' id='word_1_446' title='bbox 2049 2350 2270 2400; x_wconf 84' lang='lat' dir='ltr'><strong>videtur.</strong></span> <span class='ocrx_word' id='word_1_447' title='bbox 2333 2350 2568 2414; x_wconf 85' lang='lat' dir='ltr'><strong>Septimo</strong></span> <span class='ocrx_word' id='word_1_448' title='bbox 2606 2363 2732 2398; x_wconf 89' lang='lat' dir='ltr'><strong>vero</strong></span> <span class='ocrx_word' id='word_1_449' title='bbox 2766 2349 2856 2398; x_wconf 90' lang='lat' dir='ltr'><strong>die</strong></span> 
     </span>
    </p>
   </div>
   <div class='ocr_carea' id='block_1_10' title="bbox 1720 2423 2860 2489">
    <p class='ocr_par' dir='ltr' id='par_1_18' title="bbox 1720 2423 2860 2489">
     <span class='ocr_line' id='line_1_78' title="bbox 1720 2423 2860 2489; baseline -0.001 -14"><span class='ocrx_word' id='word_1_450' title='bbox 1720 2483 1728 2488; x_wconf 30' lang='lat'>¹</span> <span class='ocrx_word' id='word_1_451' title='bbox 1802 2423 2008 2487; x_wconf 77' lang='lat' dir='ltr'><strong>accitu,</strong></span> <span class='ocrx_word' id='word_1_452' title='bbox 2028 2425 2165 2489; x_wconf 87' lang='lat' dir='ltr'><strong>qnod</strong></span> <span class='ocrx_word' id='word_1_453' title='bbox 2188 2425 2397 2474; x_wconf 88' lang='lat' dir='ltr'><strong>dimidio</strong></span> <span class='ocrx_word' id='word_1_454' title='bbox 2414 2426 2530 2474; x_wconf 83' lang='lat' dir='ltr'><strong>coeli</strong></span> <span class='ocrx_word' id='word_1_455' title='bbox 2547 2426 2712 2488; x_wconf 86' lang='lat' dir='ltr'><strong>spatio</strong></span> <span class='ocrx_word' id='word_1_456' title='bbox 2730 2426 2860 2474; x_wconf 83' lang='lat' dir='ltr'><strong>lnna</strong></span> 
     </span>
    </p>
   </div>
   <div class='ocr_carea' id='block_1_11' title="bbox 1795 2499 2896 3238">
    <p class='ocr_par' dir='ltr' id='par_1_19' title="bbox 1795 2499 2896 3238">
     <span class='ocr_line' id='line_1_79' title="bbox 1800 2499 2861 2561; baseline 0.001 -14"><span class='ocrx_word' id='word_1_457' title='bbox 1800 2499 1962 2549; x_wconf 87' lang='lat' dir='ltr'><strong>distet</strong></span> <span class='ocrx_word' id='word_1_458' title='bbox 1985 2515 2016 2548; x_wconf 86' lang='lat' dir='ltr'><strong>a</strong></span> <span class='ocrx_word' id='word_1_459' title='bbox 2038 2502 2166 2561; x_wconf 87' lang='lat' dir='ltr'><strong>sole,</strong></span> <span class='ocrx_word' id='word_1_460' title='bbox 2187 2501 2313 2548; x_wconf 89' lang='lat' dir='ltr'><strong>item</strong></span> <span class='ocrx_word' id='word_1_461' title='bbox 2347 2500 2610 2550; x_wconf 87' lang='lat' dir='ltr'><strong>dimidiam</strong></span> <span class='ocrx_word' id='word_1_462' title='bbox 2633 2500 2861 2552; x_wconf 86' lang='lat' dir='ltr'><strong>canden-</strong></span> 
     </span>
     <span class='ocr_line' id='line_1_80' title="bbox 1801 2574 2862 2637; baseline 0.001 -14"><span class='ocrx_word' id='word_1_463' title='bbox 1801 2575 1890 2624; x_wconf 79' lang='lat' dir='ltr'><strong>tiae</strong></span> <span class='ocrx_word' id='word_1_464' title='bbox 1925 2581 2128 2637; x_wconf 88' lang='lat' dir='ltr'><strong>partem</strong></span> <span class='ocrx_word' id='word_1_465' title='bbox 2167 2574 2232 2624; x_wconf 84' lang='lat' dir='ltr'><strong>ad</strong></span> <span class='ocrx_word' id='word_1_466' title='bbox 2267 2589 2357 2624; x_wconf 87' lang='lat' dir='ltr'><strong>nos</strong></span> <span class='ocrx_word' id='word_1_467' title='bbox 2395 2589 2694 2626; x_wconf 81' lang='lat' dir='ltr'><strong>conversam</strong></span> <span class='ocrx_word' id='word_1_468' title='bbox 2727 2590 2862 2625; x_wconf 75' lang='lat' dir='ltr'><strong>esse.</strong></span> 
     </span>
     <span class='ocr_line' id='line_1_81' title="bbox 1803 2649 2863 2715; baseline -0.002 -13"><span class='ocrx_word' id='word_1_469' title='bbox 1803 2649 2206 2702; x_wconf 85' lang='lat' dir='ltr'><strong>Quartadecima</strong></span> <span class='ocrx_word' id='word_1_470' title='bbox 2229 2658 2402 2700; x_wconf 87' lang='lat' dir='ltr'><strong>autem</strong></span> <span class='ocrx_word' id='word_1_471' title='bbox 2427 2651 2532 2708; x_wconf 87' lang='lat' dir='ltr'><strong>die,</strong></span> <span class='ocrx_word' id='word_1_472' title='bbox 2555 2653 2709 2715; x_wconf 90' lang='lat' dir='ltr'><strong>pleno</strong></span> <span class='ocrx_word' id='word_1_473' title='bbox 2733 2651 2863 2700; x_wconf 87' lang='lat' dir='ltr'><strong>orbe</strong></span> 
     </span>
     <span class='ocr_line' id='line_1_82' title="bbox 1803 2725 2864 2789; baseline 0 -15"><span class='ocrx_word' id='word_1_474' title='bbox 1803 2731 1967 2774; x_wconf 85' lang='lat' dir='ltr'><strong>totam</strong></span> <span class='ocrx_word' id='word_1_475' title='bbox 2004 2725 2312 2775; x_wconf 88' lang='lat' dir='ltr'><strong>candentem</strong></span> <span class='ocrx_word' id='word_1_476' title='bbox 2350 2733 2558 2789; x_wconf 87' lang='lat' dir='ltr'><strong>partem</strong></span> <span class='ocrx_word' id='word_1_477' title='bbox 2595 2726 2744 2775; x_wconf 86' lang='lat' dir='ltr'><strong>nobis</strong></span> <span class='ocrx_word' id='word_1_478' title='bbox 2779 2740 2864 2775; x_wconf 88' lang='lat' dir='ltr'><strong>os-</strong></span> 
     </span>
     <span class='ocr_line' id='line_1_83' title="bbox 1805 2801 2896 2867; baseline 0.001 -19"><span class='ocrx_word' id='word_1_479' title='bbox 1805 2801 1972 2862; x_wconf 87' lang='lat' dir='ltr'><strong>tendi,</strong></span> <span class='ocrx_word' id='word_1_480' title='bbox 2012 2816 2042 2849; x_wconf 84' lang='lat' dir='ltr'><strong>a</strong></span> <span class='ocrx_word' id='word_1_481' title='bbox 2082 2817 2182 2865; x_wconf 84' lang='lat' dir='ltr'><strong>qua</strong></span> <span class='ocrx_word' id='word_1_482' title='bbox 2230 2801 2442 2867; x_wconf 87' lang='lat' dir='ltr'><strong>reliquis</strong></span> <span class='ocrx_word' id='word_1_483' title='bbox 2471 2801 2656 2850; x_wconf 84' lang='lat' dir='ltr'><strong>diebus</strong></span> <span class='ocrx_word' id='word_1_484' title='bbox 2697 2814 2896 2864; x_wconf 41' lang='lat' dir='ltr'><strong>usqne-</strong></span> 
     </span>
     <span class='ocr_line' id='line_1_84' title="bbox 1805 2875 2866 2939; baseline 0.001 -16"><span class='ocrx_word' id='word_1_485' title='bbox 1805 2875 1869 2923; x_wconf 81' lang='lat' dir='ltr'><strong>ad</strong></span> <span class='ocrx_word' id='word_1_486' title='bbox 1929 2875 2245 2924; x_wconf 86' lang='lat' dir='ltr'><strong>novilunium</strong></span> <span class='ocrx_word' id='word_1_487' title='bbox 2291 2875 2596 2939; x_wconf 81' lang='lat' dir='ltr'><strong>quotidiana</strong></span> <span class='ocrx_word' id='word_1_488' title='bbox 2657 2875 2866 2924; x_wconf 81' lang='lat' dir='ltr'><strong>decres-</strong></span> 
     </span>
     <span class='ocr_line' id='line_1_85' title="bbox 1806 2949 2867 3012; baseline -0.004 -12"><span class='ocrx_word' id='word_1_489' title='bbox 1806 2951 1982 3000; x_wconf 83' lang='lat' dir='ltr'><strong>centia</strong></span> <span class='ocrx_word' id='word_1_490' title='bbox 1999 2949 2194 3012; x_wconf 84' lang='lat' dir='ltr'><strong>aliqnid</strong></span> <span class='ocrx_word' id='word_1_491' title='bbox 2229 2949 2526 2999; x_wconf 61' lang='lat' dir='ltr'><strong>minuatur!</strong></span> <span class='ocrx_word' id='word_1_492' title='bbox 2577 2949 2715 2998; x_wconf 80' lang='lat' dir='ltr'><strong>Haec</strong></span> <span class='ocrx_word' id='word_1_493' title='bbox 2755 2949 2867 2998; x_wconf 87' lang='lat' dir='ltr'><strong>ille.</strong></span> 
     </span>
     <span class='ocr_line' id='line_1_86' title="bbox 1807 3023 2867 3088; baseline 0.001 -17"><span class='ocrx_word' id='word_1_494' title='bbox 1807 3023 1944 3072; x_wconf 89' lang='lat' dir='ltr'><strong>Vide</strong></span> <span class='ocrx_word' id='word_1_495' title='bbox 1990 3025 2146 3072; x_wconf 84' lang='lat' dir='ltr'><strong>etiam</strong></span> <span class='ocrx_word' id='word_1_496' title='bbox 2181 3025 2481 3088; x_wconf 82' lang='lat' dir='ltr'><strong>Apuleium,</strong></span> <span class='ocrx_word' id='word_1_497' title='bbox 2513 3023 2579 3072; x_wconf 90' lang='lat' dir='ltr'><strong>de</strong></span> <span class='ocrx_word' id='word_1_498' title='bbox 2617 3025 2737 3072; x_wconf 91' lang='lat' dir='ltr'><strong>Deo</strong></span> <span class='ocrx_word' id='word_1_499' title='bbox 2774 3025 2867 3072; x_wconf 90' lang='lat' dir='ltr'><strong>So-</strong></span> 
     </span>
     <span class='ocr_line' id='line_1_87' title="bbox 1795 3099 2868 3165; baseline -0.002 -15"><span class='ocrx_word' id='word_1_500' title='bbox 1795 3111 1942 3151; x_wconf 83' lang='lat' dir='ltr'><strong>·crat.</strong></span> <span class='ocrx_word' id='word_1_501' title='bbox 1988 3102 2118 3150; x_wconf 88' lang='lat' dir='ltr'><strong>‘seu</strong></span> <span class='ocrx_word' id='word_1_502' title='bbox 2151 3101 2242 3150; x_wconf 86' lang='lat' dir='ltr'><strong>illa</strong></span> <span class='ocrx_word' id='word_1_503' title='bbox 2277 3103 2488 3165; x_wconf 85' lang='lat' dir='ltr'><strong>proprie</strong></span> <span class='ocrx_word' id='word_1_504' title='bbox 2524 3109 2605 3150; x_wconf 90' lang='lat' dir='ltr'><strong>est</strong></span> <span class='ocrx_word' id='word_1_505' title='bbox 2654 3099 2868 3164; x_wconf 86' lang='lat' dir='ltr'><strong>perpeti</strong></span> 
     </span>
     <span class='ocr_line' id='line_1_88' title="bbox 1811 3175 2388 3238; baseline 0.002 -14"><span class='ocrx_word' id='word_1_506' title='bbox 1811 3175 2071 3236; x_wconf 54' lang='lat' dir='ltr'><strong>candore?</strong></span> <span class='ocrx_word' id='word_1_507' title='bbox 2089 3179 2186 3226; x_wconf 68' lang='grc' dir='ltr'><strong>ὅτε.</strong></span> <span class='ocrx_word' id='word_1_508' title='bbox 2221 3177 2388 3238; x_wconf 67' lang='grc' dir='ltr'><strong>Ρι·α’ξ·.</strong></span> 
     </span>
    </p>
   </div>
   <div class='ocr_carea' id='block_1_12' title="bbox 1811 3251 2870 3377">
    <p class='ocr_par' dir='ltr' id='par_1_20' title="bbox 1811 3251 2870 3377">
     <span class='ocr_line' id='line_1_89' title="bbox 1876 3251 2870 3315; baseline 0.001 -16"><span class='ocrx_word' id='word_1_509' title='bbox 1876 3255 1970 3299; x_wconf 82' lang='grc'><strong>725</strong></span> <span class='ocrx_word' id='word_1_510' title='bbox 2004 3251 2302 3315; x_wconf 76' lang='lat' dir='ltr'><strong>Luciferam]</strong></span> <span class='ocrx_word' id='word_1_511' title='bbox 2336 3253 2392 3304; x_wconf 85' lang='lat' dir='ltr'><strong>J.</strong></span> <span class='ocrx_word' id='word_1_512' title='bbox 2415 3254 2604 3302; x_wconf 84' lang='lat' dir='ltr'><strong>Donza</strong></span> <span class='ocrx_word' id='word_1_513' title='bbox 2629 3252 2686 3302; x_wconf 83' lang='lat' dir='ltr'><strong>F.</strong></span> <span class='ocrx_word' id='word_1_514' title='bbox 2707 3251 2870 3301; x_wconf 72' lang='lat' dir='ltr'><strong>Dimi-</strong></span> 
     </span>
     <span class='ocr_line' id='line_1_90' title="bbox 1811 3327 2183 3377; baseline 0.003 -2"><span class='ocrx_word' id='word_1_515' title='bbox 1811 3327 1958 3376; x_wconf 77' lang='lat' dir='ltr'><strong>dium.</strong></span> <span class='ocrx_word' id='word_1_516' title='bbox 2002 3327 2183 3377; x_wconf 85' lang='lat' dir='ltr'><strong>Gifan.</strong></span> 
     </span>
    </p>
   </div>
   <div class='ocr_carea' id='block_1_13' title="bbox 1816 3402 2883 4298">
    <p class='ocr_par' dir='ltr' id='par_1_21' title="bbox 1816 3402 2883 4298">
     <span class='ocr_line' id='line_1_91' title="bbox 1879 3402 2870 3466; baseline -0.001 -15"><span class='ocrx_word' id='word_1_517' title='bbox 1879 3407 1976 3452; x_wconf 85' lang='grc'><strong>726</strong></span> <span class='ocrx_word' id='word_1_518' title='bbox 2028 3403 2321 3466; x_wconf 77' lang='lat' dir='ltr'><strong>Chaldaeum]</strong></span> <span class='ocrx_word' id='word_1_519' title='bbox 2375 3403 2495 3453; x_wconf 90' lang='lat' dir='ltr'><strong>Hoc</strong></span> <span class='ocrx_word' id='word_1_520' title='bbox 2551 3402 2745 3452; x_wconf 83' lang='lat' dir='ltr'><strong>rectius</strong></span> <span class='ocrx_word' id='word_1_521' title='bbox 2803 3415 2870 3458; x_wconf 86' lang='lat' dir='ltr'><strong>ex</strong></span> 
     </span>
     <span class='ocr_line' id='line_1_92' title="bbox 1816 3475 2872 3543; baseline 0 -18"><span class='ocrx_word' id='word_1_522' title='bbox 1816 3478 2081 3528; x_wconf 87' lang='lat' dir='ltr'><strong>veteribus</strong></span> <span class='ocrx_word' id='word_1_523' title='bbox 2137 3479 2444 3543; x_wconf 82' lang='lat' dir='ltr'><strong>quibusdam</strong></span> <span class='ocrx_word' id='word_1_524' title='bbox 2496 3475 2647 3540; x_wconf 81' lang='lat' dir='ltr'><strong>puto,</strong></span> <span class='ocrx_word' id='word_1_525' title='bbox 2717 3491 2872 3542; x_wconf 85' lang='lat' dir='ltr'><strong>quam</strong></span> 
     </span>
     <span class='ocr_line' id='line_1_93' title="bbox 1819 3550 2877 3616; baseline -0.002 -14"><span class='ocrx_word' id='word_1_526' title='bbox 1819 3553 1955 3616; x_wconf 88' lang='lat' dir='ltr'><strong>qnod</strong></span> <span class='ocrx_word' id='word_1_527' title='bbox 2005 3553 2060 3600; x_wconf 89' lang='lat' dir='ltr'><strong>in</strong></span> <span class='ocrx_word' id='word_1_528' title='bbox 2113 3553 2267 3602; x_wconf 82' lang='lat' dir='ltr'><strong>aliis:</strong></span> <span class='ocrx_word' id='word_1_529' title='bbox 2343 3553 2637 3602; x_wconf 70' lang='lat' dir='ltr'><strong>chaldeam.</strong></span> <span class='ocrx_word' id='word_1_530' title='bbox 2691 3550 2877 3600; x_wconf 77' lang='lat' dir='ltr'><strong>Gifan.</strong></span> 
     </span>
     <span class='ocr_line' id='line_1_94' title="bbox 1822 3625 2877 3690; baseline -0.001 -15"><span class='ocrx_word' id='word_1_531' title='bbox 1822 3628 2108 3676; x_wconf 74' lang='lat' dir='ltr'><strong>Chuldaeam.</strong></span> <span class='ocrx_word' id='word_1_532' title='bbox 2143 3627 2416 3676; x_wconf 69' lang='lat' dir='ltr'><strong>Chaldaeos</strong></span> <span class='ocrx_word' id='word_1_533' title='bbox 2455 3627 2749 3690; x_wconf 73' lang='lat' dir='ltr'><strong>astrologiae</strong></span> <span class='ocrx_word' id='word_1_534' title='bbox 2797 3625 2877 3675; x_wconf 81' lang='lat' dir='ltr'><strong>fu-</strong></span> 
     </span>
     <span class='ocr_line' id='line_1_95' title="bbox 1819 3703 2877 3768; baseline 0 -17"><span class='ocrx_word' id='word_1_535' title='bbox 1819 3703 1920 3752; x_wconf 84' lang='lat' dir='ltr'><strong>isse</strong></span> <span class='ocrx_word' id='word_1_536' title='bbox 1958 3704 2314 3768; x_wconf 86' lang='lat' dir='ltr'><strong>peritissimos‚</strong></span> <span class='ocrx_word' id='word_1_537' title='bbox 2354 3711 2412 3754; x_wconf 87' lang='lat' dir='ltr'><strong>et</strong></span> <span class='ocrx_word' id='word_1_538' title='bbox 2447 3704 2605 3754; x_wconf 88' lang='lat' dir='ltr'><strong>Diod.</strong></span> <span class='ocrx_word' id='word_1_539' title='bbox 2645 3709 2877 3752; x_wconf 80' lang='lat' dir='ltr'><strong>testatur</strong></span> 
     </span>
     <span class='ocr_line' id='line_1_96' title="bbox 1819 3778 2878 3841; baseline -0.001 -14"><span class='ocrx_word' id='word_1_540' title='bbox 1819 3779 1908 3828; x_wconf 83' lang='lat' dir='ltr'><strong>lib.</strong></span> <span class='ocrx_word' id='word_1_541' title='bbox 1927 3784 1975 3828; x_wconf 84' lang='lat'><strong>2.</strong></span> <span class='ocrx_word' id='word_1_542' title='bbox 1997 3778 2075 3829; x_wconf 78' lang='lat' dir='ltr'><strong>his</strong></span> <span class='ocrx_word' id='word_1_543' title='bbox 2099 3781 2269 3830; x_wconf 81' lang='lat' dir='ltr'><strong>verbis</strong></span> <span class='ocrx_word' id='word_1_544' title='bbox 2291 3796 2305 3828; x_wconf 71' lang='grc' dir='ltr'>ι</span> <span class='ocrx_word' id='word_1_545' title='bbox 2338 3781 2485 3829; x_wconf 75' lang='grc' dir='ltr'>Τοῦτο</span> <span class='ocrx_word' id='word_1_546' title='bbox 2513 3778 2673 3840; x_wconf 78' lang='grc' dir='ltr'>μέντοι</span> <span class='ocrx_word' id='word_1_547' title='bbox 2693 3795 2756 3841; x_wconf 71' lang='grc' dir='ltr'><strong>’γε</strong></span> <span class='ocrx_word' id='word_1_548' title='bbox 2777 3781 2878 3827; x_wconf 67' lang='grc' dir='ltr'>δια-</span> 
     </span>
     <span class='ocr_line' id='line_1_97' title="bbox 1820 3849 2880 3920; baseline -0.002 -16"><span class='ocrx_word' id='word_1_549' title='bbox 1820 3855 2130 3910; x_wconf 72' lang='grc' dir='ltr'>βεβωῶσαιτο</span> <span class='ocrx_word' id='word_1_550' title='bbox 2172 3855 2232 3904; x_wconf 71' lang='grc' dir='ltr'><strong>ἄν</strong></span> <span class='ocrx_word' id='word_1_551' title='bbox 2283 3849 2370 3905; x_wconf 66' lang='lat' dir='ltr'><strong>‘ris&#39;</strong></span> <span class='ocrx_word' id='word_1_552' title='bbox 2406 3855 2748 3920; x_wconf 64' lang='grc' dir='ltr'><strong>προσηκόντως,</strong></span> <span class='ocrx_word' id='word_1_553' title='bbox 2803 3854 2880 3902; x_wconf 71' lang='grc' dir='ltr'>ὅτι</span> 
     </span>
     <span class='ocr_line' id='line_1_98' title="bbox 1822 3929 2878 3994; baseline 0 -16"><span class='ocrx_word' id='word_1_554' title='bbox 1822 3933 2056 3979; x_wconf 75' lang='grc' dir='ltr'><strong>Χαλδαῖοι</strong></span> <span class='ocrx_word' id='word_1_555' title='bbox 2091 3930 2325 3992; x_wconf 74' lang='grc' dir='ltr'><strong>μεγίστην</strong></span> <span class='ocrx_word' id='word_1_556' title='bbox 2373 3929 2466 3993; x_wconf 67' lang='grc' dir='ltr'>ἕξιν</span> <span class='ocrx_word' id='word_1_557' title='bbox 2497 3933 2549 3980; x_wconf 75' lang='grc' dir='ltr'><strong>ἐν</strong></span> <span class='ocrx_word' id='word_1_558' title='bbox 2581 3931 2878 3994; x_wconf 57' lang='grc' dir='ltr'><strong>ἆστρολοῑγίᾳ</strong></span> 
     </span>
     <span class='ocr_line' id='line_1_99' title="bbox 1820 4003 2880 4079; baseline 0 -26"><span class='ocrx_word' id='word_1_559' title='bbox 1820 4009 1914 4054; x_wconf 74' lang='grc' dir='ltr'><strong>τῶν</strong></span> <span class='ocrx_word' id='word_1_560' title='bbox 1935 4003 2154 4079; x_wconf 56' lang='lat' dir='ltr'><strong>&amp;ardu-tow</strong></span> <span class='ocrx_word' id='word_1_561' title='bbox 2171 4006 2428 4071; x_wconf 69' lang='grc' dir='ltr'><strong>ἀνθρώπων.</strong></span> <span class='ocrx_word' id='word_1_562' title='bbox 2441 4005 2626 4069; x_wconf 76' lang='grc' dir='ltr'>ἔχουσι,</span> <span class='ocrx_word' id='word_1_563' title='bbox 2663 4004 2740 4054; x_wconf 74' lang='grc' dir='ltr'><strong>καὶ</strong></span> <span class='ocrx_word' id='word_1_564' title='bbox 2759 4004 2880 4053; x_wconf 76' lang='grc' dir='ltr'>διότι</span> 
     </span>
     <span class='ocr_line' id='line_1_100' title="bbox 1821 4080 2883 4144; baseline -0.001 -14"><span class='ocrx_word' id='word_1_565' title='bbox 1821 4080 2054 4141; x_wconf 72' lang='grc' dir='ltr'><strong>πλείστην</strong></span> <span class='ocrx_word' id='word_1_566' title='bbox 2092 4081 2360 4144; x_wconf 77' lang='grc' dir='ltr'>ἐπιμέλειαν</span> <span class='ocrx_word' id='word_1_567' title='bbox 2393 4081 2673 4142; x_wconf 75' lang='grc' dir='ltr'>ἐποιήσαντο</span> <span class='ocrx_word' id='word_1_568' title='bbox 2700 4081 2883 4138; x_wconf 63' lang='grc' dir='ltr'><strong>ταύτης</strong></span> 
     </span>
     <span class='ocr_line' id='line_1_101' title="bbox 1822 4156 2880 4222; baseline -0.002 -16"><span class='ocrx_word' id='word_1_569' title='bbox 1822 4159 1910 4216; x_wconf 75' lang='grc' dir='ltr'><strong>τῆς</strong></span> <span class='ocrx_word' id='word_1_570' title='bbox 1948 4156 2149 4220; x_wconf 64' lang='grc' dir='ltr'><strong>θεωρίαι.</strong></span> <span class='ocrx_word' id='word_1_571' title='bbox 2183 4159 2218 4207; x_wconf 87' lang='lat' dir='ltr'><strong>i.</strong></span> <span class='ocrx_word' id='word_1_572' title='bbox 2233 4173 2283 4208; x_wconf 90' lang='lat' dir='ltr'><strong>e.</strong></span> <span class='ocrx_word' id='word_1_573' title='bbox 2327 4158 2343 4184; x_wconf 91' lang='lat'>‘</span> <span class='ocrx_word' id='word_1_574' title='bbox 2363 4159 2483 4207; x_wconf 91' lang='lat' dir='ltr'><strong>Hoc</strong></span> <span class='ocrx_word' id='word_1_575' title='bbox 2505 4156 2714 4222; x_wconf 86' lang='lat' dir='ltr'><strong>quidem</strong></span> <span class='ocrx_word' id='word_1_576' title='bbox 2732 4162 2880 4205; x_wconf 88' lang='lat' dir='ltr'><strong>certe</strong></span> 
     </span>
     <span class='ocr_line' id='line_1_102' title="bbox 1821 4229 2880 4298; baseline -0.003 -16"><span class='ocrx_word' id='word_1_577' title='bbox 1821 4233 2020 4298; x_wconf 85' lang='lat' dir='ltr'><strong>liquido</strong></span> <span class='ocrx_word' id='word_1_578' title='bbox 2066 4232 2323 4298; x_wconf 86' lang='lat' dir='ltr'><strong>quispiam</strong></span> <span class='ocrx_word' id='word_1_579' title='bbox 2354 4230 2660 4284; x_wconf 83' lang='lat' dir='ltr'><strong>confirmare</strong></span> <span class='ocrx_word' id='word_1_580' title='bbox 2693 4229 2880 4294; x_wconf 79' lang='lat' dir='ltr'><strong>possit,</strong></span> 
     </span>
    </p>
   </div>
   <div class='ocr_carea' id='block_1_14' title="bbox 3123 265 3183 2394">
    <p class='ocr_par' dir='ltr' id='par_1_22' title="bbox 3123 265 3183 2394">
     <span class='ocr_line' id='line_1_103' title="bbox 3123 265 3183 2394; baseline 0 0"><span class='ocrx_word' id='word_1_581' title='bbox 3123 265 3183 2394; x_wconf 95' lang='lat' dir='ltr'><strong> </strong></span> 
     </span>
    </p>
   </div>
   <div class='ocr_carea' id='block_1_15' title="bbox 3142 2855 3163 3548">
    <p class='ocr_par' dir='ltr' id='par_1_23' title="bbox 3142 2855 3163 3548">
     <span class='ocr_line' id='line_1_104' title="bbox 3142 2855 3163 3548; baseline 0 0"><span class='ocrx_word' id='word_1_582' title='bbox 3142 2855 3163 3548; x_wconf 95' lang='lat' dir='ltr'><strong> </strong></span> 
     </span>
    </p>
   </div>
  </div>
 </body>
</html>
