3200 4959
576 398 644 446 '1'-
693 397 1052 447 LUGRss'rn
1097 400 1280 449 CAR}
1331 400 1744 451 nit-RERUM
1794 402 1968 455 NA'r.
2016 404 2163 453 Lm.
2208 406 2306 453 lv.

381 554 484 607 que
503 538 683 605 figurae
703 540 738 590 τ’
771 546 832 590 ut
861 542 932 590 sit
961 542 1076 591 liaec
1107 542 1266 592 totius
1287 542 1442 607 liujus

377 618 489 669 loci
523 619 819 668 sententia:
867 622 937 669 Et
973 621 1166 669 stimuli
1217 620 1440 669 subsunt

377 692 596 757 (inquit)
629 694 715 757 qui
751 694 1000 744 manteis
1035 696 1258 745 incitant
1279 702 1438 761 atque

376 770 674 833 impellunt,
694 777 752 819 nt
785 770 839 819 id
877 770 1040 833 ipsum
1064 768 1278 831 laedant,
1299 770 1440 821 unde

376 843 545 893 rabiei
563 844 700 895 illius
723 846 956 907 germina
989 847 1245 909 oriuntur,
1277 852 1437 912 atque

379 926 694 982 augescuut3
737 920 1098 985 quodcumque
1147 922 1276 971 illud
1327 929 1438 973 tau-

381 996 500 1045 dem
531 997 618 1058 sit,
641 998 750 1046 sive
785 998 948 1060 color,
981 998 1089 1047 sive
1121 996 1302 1061 facies,
1329 1000 1438 1049 sive

381 1086 504 1135 pars
523 1072 624 1121 alia
645 1073 818 1135 aliqua
840 1074 1088 1135 eorporis.
1121 1075 1326 1123 nomina
1351 1088 1440 1124 au-

383 1155 492 1197 tem
517 1150 710 1211 qnintae
747 1148 824 1197 sie
856 1146 1196 1198 inflectebant
1219 1149 1438 1213 antiqui,

379 1230 444 1275 ut
481 1224 609 1273 alibi
651 1224 904 1273 diximus:
949 1224 968 1253 ‘
992 1222 1187 1275 rabies’
1223 1225 1278 1273 in
1314 1239 1440 1274 casu

379 1306 562 1350 recto:
597 1301 614 1329 ⁴
638 1300 844 1363 rabies‚'
881 1307 938 1349 et
973 1302 989 1330 ‘
1014 1300 1198 1364 rabie,’
1234 1308 1290 1351 et
1323 1302 1341 1330 ‘
1361 1316 1444 1351 ra-

381 1377 527 1440 biei,'
547 1384 602 1427 et
619 1378 638 1405 ⁴
653 1377 824 1440 rabii,'
844 1379 898 1428 in
921 1377 1108 1441 patrio.
1173 1378 1304 1427 Cum
1324 1376 1442 1429 haee

383 1453 680 1518 edidissem,
697 1456 906 1517 Thraso,
939 1462 1000 1504 nt
1034 1455 1225 1519 aliquid
1259 1468 1444 1518 sapere

382 1530 798 1594 videretnr2haee
821 1532 992 1581 omnia
1025 1530 1356 1595 approbavit,
1389 1538 1448 1581 et

382 1612 592 1655 secutus
627 1614 730 1667 est,
765 1614 964 1669 praeter
995 1620 1150 1671 quam
1185 1608 1320 1671 quod
1355 1606 1444 1656 edi

383 1681 570 1743 voluit,
601 1682 705 1731 111oe
725 1683 824 1731 hoec
857 1681 1076 1745 germina
1095 1686 1298 1743 sumni
1315 1697 1334 1730 .-
1366 1682 1446 1730 in-

385 1765 535 1820 epte.
581 1759 716 1808 Nam
746 1760 848 1808 hcc
877 1766 1059 1809 natum
1093 1766 1174 1807 est
1205 1771 1272 1806 ex
1296 1756 1444 1821 diph-

386 1832 608 1895 thongo;
663 1849 778 1898 quae
827 1832 944 1883 erat
995 1834 1052 1882 in
1093 1832 1446 1897 provocabulo

383 1908 401 1936 ⁴
426 1907 568 1957 illm?
633 1910 785 1961 Quod
809 1917 980 1959 autem
1003 1908 1214 1974 quidam
1237 1908 1444 1972 doctus,

383 1982 631 2048 idemque
651 1985 844 2033 amicus
865 1999 1023 2049 meus,
1049 1984 1154 2049 legi
1179 1998 1330 2047 posse
1355 1999 1448 2049 pu·

382 2064 488 2118 tat,
537 2058 717 2107 Rabies
761 2061 882 2109 unde
912 2060 1064 2109 &Iliae
1092 2060 1312 2122 germina
1342 2074 1450 2107 aar·

379 2138 534 2199 gunt,
557 2147 660 2181 non
688 2136 854 2183 multo
884 2134 1042 2199 magis
1073 2137 1265 2199 placet.
1313 2134 1448 2184 Nam

383 2217 678 2273 pronomen
700 2209 1175 2273 demonstrativum,
1207 2212 1342 2275 quod
1365 2226 1451 2261 eo-

387 2282 589 2332 haereat
607 2298 724 2331 cnm
745 2299 872 2336 voce
897 2286 914 2315 ‘
935 2286 1136 2349 rabies,'
1159 2286 1448 2336 necessario

390 2356 553 2409 debet
575 2358 845 2423 interesse,
867 2376 982 2410 meo
1000 2361 1206 2425 quidem
1228 2360 1450 2424 judicio.

393 2432 530 2497 quod
553 2448 655 2483 nou
680 2441 836 2505 esset,
865 2437 908 2485 si
929 2436 1102 2500 illhaee,
1124 2451 1214 2487 sen
1232 2438 1358 2485 illaec
1375 2437 1450 2485 le·

389 2516 614 2571 geretur.
682 2511 1054 2560 Verumtamen
1069 2511 1315 2574 judicent
1336 2524 1450 2559 ern·

393 2583 506 2634 diti.
571 2584 797 2634 Omnino
823 2600 921 2635 non
945 2586 1263 2649 negaverim,
1286 2585 1450 2634 multo

395 2660 712 2710 tolerabilius
750 2661 873 2711 ferri
915 2676 1066 2725 posse
1107 2662 1244 2711 lianc
1274 2661 1456 2711 lectio·

393 2748 534 2797 nem,
555 2736 728 2785 Rabies
759 2739 882 2786 unde
911 2738 1066 2787 iuhaec
1093 2738 1313 2800 germina
1346 2752 1452 2786 sttr-

391 2820 536 2877 gtmt,
577 2830 727 2877 quam
771 2815 936 2878 illam,
975 2816 1153 2865 Rabies
1193 2818 1316 2865 unde
1355 2815 1453 2866 {21ae

397 2888 798 2951 haegen-maure.
829 2890 1008 2941 Lamb.
1053 2891 1455 2941 Itavetmostri·

393 2966 462 3017 In
481 2966 702 3031 quodam
716 2982 828 3016 meo
847 2984 862 3016 z
886 2969 984 3016 ille.
1003 2968 1157 3016 male.
1178 2974 1233 3015 et
1247 2967 1322 3015 ita
1340 2964 1454 3015 fere

399 3042 696 3092 Lambinus.
731 3044 899 3103 Gifon.
941 3042 1118 3091 Rabies
1135 3041 1252 3103 iuae,
1271 3040 1456 3091 Rabiei

395 3115 555 3166 illius.
621 3118 709 3167 Sic
731 3118 864 3166 enim
890 3118 1095 3167 nomina
1115 3116 1313 3181 quintae
1335 3118 1456 3165 olim

399 3188 818 3245 inflectebantur.
881 3193 895 3218 ‘
915 3192 1087 3253 Dies:
1108 3204 1225 3255 gen.
1257 3192 1273 3221 ‘
1295 3190 1460 3254 Dies,'

397 3266 484 3315 vel
503 3270 520 3295 ⁴
539 3266 678 3327 Die‚'
697 3268 780 3315 vel
799 3266 816 3293 ‘
833 3266 921 3315 Dii
937 3266 972 3327 ς’
1005 3267 1226 3315 Veteres
1247 3266 1455 3329 passim.

399 3342 575 3393 Faber.
610 3342 750 3392 Illius
768 3342 934 3393 rabiei.
972 3344 1054 3392 Ita
1077 3342 1214 3392 enim
1237 3351 1456 3391 veteres.

399 3433 476 3469 vs.
499 3424 648 3471 1⁰58.
714 3422 730 3449 ‘
755 3421 870 3470 111ae
892 3420 1218 3471 dulcedinis!
1267 3420 1458 3469 Creech.

407 3503 464 3544 et
496 3494 628 3547 Voss.
649 3498 710 3545 de
730 3497 874 3547 Anat.
893 3501 944 3546 2.
970 3502 1049 3548 19.
1073 3512 1125 3560 p.
1145 3500 1261 3545 338.
1319 3510 1324 3513 ·

465 3575 594 3622 1077
627 3572 723 3621 Sed
759 3574 926 3622 leviter
955 3573 1137 3637 Μαι]
1193 3571 1239 3622 1.
1277 3585 1326 3619 e.
1365 3570 1457 3620 sed

399 3646 598 3709 Venus,
620 3661 714 3696 seu
737 3662 820 3697 res
837 3648 1094 3710 Venerea,
1113 3660 1380 3711 poenarum
1403 3652 1459 3694 et

401 3720 594 3771 doloris
619 3738 820 3771 sensum
856 3722 1045 3787 aufert,
1074 3729 1164 3773 aut
1199 3730 1344 3771 certe
1367 3721 1459 3769 mi-

399 3794 732 3857 nuit-’Lomb.
798 3798 1027 3861 Doloris,
1056 3805 1112 3846 et
1143 3796 1460 3846 morsiuncu-

399 3871 563 3922 larum
587 3874 821 3923 stimulos
844 3872 1045 3923 minuit.
1081 3871 1253 3921 Faber.

467 3952 595 3999 1081
647 3949 840 4012 Totum]
889 3948 1084 3998 Nescio
1126 3961 1229 4011 qua
1265 3944 1464 3993 ratione

379 4024 612 4088 impulsi
651 4039 828 4074 omnes
862 4024 1096 4073 Lucretii
1127 4020 1350 4071 editores
1371 4033 1466 4083 pro

405 4100 500 4151 hac
543 4116 676 4151 voce
716 4116 874 4150 coram
917 4098 1279 4149 substituerint
1311 4104 1466 4161 atque

411 4178 837 4243 approbaverint,
881 4185 1066 4227 eontra
1112 4188 1289 4227 omnes
1335 4174 1467 4223 Mss.

537 4258 715 4323 Delpli.
733 4262 779 4309 et
811 4257 926 4309 ναν.
951 4258 1083 4307 Clas.

1426 4255 1619 4306 Lucret.

2396 384 2569 457 1441

1509 540 1739 604 Natura,
1752 542 1937 609 inquit,
1955 545 1971 573 ‘
1986 546 2279 610 repugnat,’
2293 547 2377 596 i.e.
2392 556 2571 613 negat,

1512 624 1568 667 et
1594 618 1824 669 ostendit
1856 626 2021 670 totum
2054 622 2179 670 illud
2220 629 2405 672 contra
2432 624 2571 676 fieri.

1511 690 1599 743 Ita
1642 699 1691 745 1.
1751 698 1864 743 694.
1907 696 1972 745 de
2018 696 2322 746 Heraclito:
2381 700 2398 725 ‘
2432 695 2577 750 Nam

1509 776 1691 819 contra
1712 784 1891 820 sensus
1912 770 1978 821 ab
1996 771 2230 821 sensibus
2250 772 2362 835 ipse
2381 786 2570 838 repug-

1509 844 1637 893 nat.'
1659 844 1696 894 i.
1719 860 1767 896 e.
1790 853 1945 910 negat
1968 848 2299 910 operationes
2322 862 2565 899 sensuum

1510 936 1607 987 per
1627 936 1807 973 sensus
1828 926 1987 987 ipsos,
2006 926 2073 975 ab
2097 927 2158 975 iis
2190 940 2395 977 sumens
2420 941 2571 992 argu-

1511 1006 1760 1051 mentum.
1796 1002 1931 1052 Han.

1575 1080 1705 1127 1⁰82
1742 1078 1920 1133 Quoius
1961 1092 2099 1141 quan
2130 1079 2287 1141 pluria
2327 1078 2567 1142 memus,

1517 1155 1637 1205 Tam
1674 1155 1853 1219 magis]
1884 1156 1972 1205 Sic
2012 1157 2234 1217 restitui,
2271 1164 2375 1207 tres
2413 1158 2571 1208 libros

1512 1244 1770 1280 manuscr.
1810 1238 2033 1281 secutus.
2078 1246 2145 1281 ex
2180 1232 2403 1296 vulgatis
2435 1231 2571 1281 enim

1512 1307 1600 1356 alii
1616 1304 1827 1371 babent,
1846 1309 1978 1367 citius
1998 1324 2085 1371 quo
2102 1307 2287 1371 pluria:
2318 1307 2423 1369 alii,
2444 1308 2575 1369 citius

1513 1396 1651 1445 quam
1687 1383 1921 1445 plurima.-
1966 1384 2073 1446 alii,
2114 1383 2252 1447 iique
2287 1382 2577 1441 deterrimi,

1513 1458 1647 1518 eigins
1667 1472 1756 1521 quo
1773 1460 1993 1521 plurima.
2030 1457 2211 1508 Lamb.
2269 1457 2416 1517 cnjus
2436 1472 2579 1521 quam

1511 1533 1672 1597 pluria
1692 1532 1927 1595 habemas,
1952 1534 2089 1595 Tam,
2124 1535 2207 1595 ᾅο.
2274 1532 2361 1580 Ita
2386 1531 2439 1580 in
2470 1540 2577 1580 vet.

1517 1608 1681 1657 libris.
1746 1608 1905 1671 vulg.
1928 1624 2031 1671 qao.
2069 1608 2179 1658 dira
2211 1608 2370 1657 etiam
2403 1614 2485 1656 est
2520 1608 2579 1657 in

1522 1688 1623 1731 vet.
1648 1680 1813 1734 librls.
1856 1684 1940 1731 Sic
1964 1699 2077 1747 sup.
2112 1697 2185 1733 vs.
2218 1684 2486 1734 1⁰4⁰.dira
2506 1684 2579 1733 lu·

1517 1758 1645 1809 bido.
1678 1759 1829 1821 Vulg-
1851 1760 1951 1810 illa.
1986 1758 2167 1810 Gifan.

1583 1838 1710 1884 1084
1744 1835 1876 1883 Num
1912 1834 2042 1883 cibus
2078 1838 2217 1897 atque
2248 1834 2439 1897 huntur]
2472 1834 2587 1883 Os-

1518 1912 1689 1961 tendit
1723 1912 2193 1961 dissimilitudinem
2234 1912 2345 1973 ejus
2394 1911 2577 1973 volup·

1521 1986 1647 2035 tatis
1670 2000 1785 2050 quae
1809 1986 2097 2050 percipitur
2119 2000 2183 2034 ex
2210 1986 2330 2034 cibo
2352 1991 2405 2033 et
2428 1994 2575 2047 potu,

1521 2062 1586 2111 ab
1604 2076 1666 2111 ea
1688 2078 1803 2126 quae
1826 2062 2176 2129 proficiscitur
2193 2076 2222 2111 e
2241 2076 2298 2110 re
2319 2062 2579 2121 Veneres,

1518 2135 1618 2185 hoc
1642 2136 1824 2187 modo:
1859 2136 2003 2184 cibus
2028 2141 2082 2185 et
2105 2142 2257 2200 potus
2288 2132 2506 2200 (inquit)
2526 2134 2579 2181 in

1521 2224 1709 2275 corpus
1732 2212 1845 2274 ejus
1870 2212 1957 2275 qui
1981 2218 2063 2260 est
2080 2220 2136 2261 et
2152 2211 2285 2260 bibit
2318 2223 2581 2257 assumun-

1520 2293 1635 2346 tur;
1670 2293 1726 2336 et
1764 2287 1815 2335 in
1842 2294 2074 2336 ventrem
2104 2286 2379 2336 intromissi
2404 2291 2577 2334 certas

1521 2362 1752 2425 eorporis
1782 2362 1931 2411 sedes
1965 2369 2256 2425 occupant:
2292 2374 2392 2425 quo
2422 2360 2485 2409 fit
2516 2368 2580 2409 ut

1519 2435 1683 2487 fames
1728 2443 1781 2486 et
1827 2436 1939 2488 sitis
1985 2437 2297 2505 expleantur
2348 2436 2467 2486 cibo
2524 2443 2581 2485 et

1521 2520 1667 2576 potu,
1696 2520 1754 2562 et
1786 2514 1859 2561 ita
1882 2512 2089 2562 desinat
2124 2514 2354 2561 animans
2384 2512 2589 2561 esurire·

1523 2594 1576 2635 et
1598 2587 1760 2637 sitire.
1824 2587 1901 2637 At
1932 2588 2019 2651 qui
2055 2596 2209 2650 amat,
2242 2588 2366 2635 nihil
2398 2600 2465 2635 ex
2488 2600 2585 2635 ore

1524 2668 1580 2711 et
1603 2668 1755 2726 grato
1776 2663 1949 2711 colore
1986 2663 2101 2723 ejus
2132 2678 2285 2725 quam
2320 2669 2457 2711 amat
2492 2662 2581 2709 de-

1524 2737 1733 2785 trahere
1788 2750 1849 2785 ae
1892 2736 2099 2784 demere
2150 2742 2345 2798 potest,
2388 2744 2593 2799 praeter·

1523 2810 1697 2860 inania
1716 2809 1954 2875 quoedam
1981 2810 2283 2859 simulacra:
2320 2826 2433 2873 quae
2469 2812 2578 2858 nul-

1525 2885 1631 2935 lum
1652 2887 1821 2935 locum
1844 2891 2121 2949 occupant.
2142 2899 2299 2949 quare
2323 2892 2583 2934 amantem

1527 2962 1717 3011 satiare
1758 2968 1915 3026 atque
1957 2962 2171 3026 explere
2210 2976 2313 3011 non
2352 2967 2584 3025 possunt.

1526 3038 1694 3089 Iamb-

1605 3112 1889 3161 Adsumitar
1918 3111 2071 3174 intus]
2125 3112 2365 3160 Fortasse
2407 3112 2581 3173 legeu-

1529 3190 1651 3239 dum
1667 3190 1814 3238 intro.
1848 3188 2030 3237 Lamb.

1595 3270 1726 3315 1088
1778 3266 1969 3313 Praeeer
2010 3263 2261 3311 simulacra
2304 3261 2585 3324 fruendum]

1533 3342 1907 3389 Secutus-sum
1952 3338 2159 3388 codices
2198 3345 2445 3403 quattuor
2480 3354 2587 3387 ma-

1533 3431 1706 3466 nuscr.
1730 3423 1786 3465 et
1805 3417 2003 3465 omneis
2041 3418 2286 3480 vulgatos.
2322 3417 2459 3465 Nam
2483 3416 2587 3464 Va-

1533 3493 1737 3541 ticanus
1786 3492 1949 3541 habet
1991 3490 2293 3557 seruandum,
2354 3506 2421 3540 ex
2484 3506 2589 3555 qua

1530 3567 1786 3631 scriptura
1822 3568 2113 3631 suspicatur
2156 3568 2343 3617 doctus
2380 3566 2589 3630 quidam

1533 3645 1809 3708 legendum
1835 3642 2103 3703 ferendum.
2140 3644 2155 3672 ‘
2178 3642 2463 3692 ferenduin'
2501 3656 2589 3690 au-

1537 3726 1641 3770 tem
1668 3720 2041 3782 interpretatur
2062 3718 2416 3781 auferendum,
2438 3717 2591 3767 urim

1537 3796 1674 3859 apud
1702 3795 1834 3845 Hor.
1854 3796 2026 3859 Epist.
2061 3796 2126 3843 ad
2162 3794 2269 3844 Jul.
2298 3793 2503 3844 Florum
2540 3798 2587 3842 1‘.

1538 3876 1588 3921 3.
1614 3876 1695 3922 26.
1749 3874 1766 3899 ‘
1791 3871 1969 3919 Prima
1990 3869 2129 3919 feres
2161 3870 2333 3919 ederae
2358 3870 2590 3918 victricis

1541 3944 1791 4009 praemia?
1824 3951 1881 3993 et
1920 3945 2089 4007 Epist.
2128 3948 2176 3993 2.
2215 3946 2265 3993 1-·.
2300 3948 2412 3993 120.
2446 3942 2591 3991 ‘non

1542 4030 1739 4071 temere
1761 4036 1792 4069 a
1813 4035 1895 4070 me
1931 4022 2111 4073 Quivis
2133 4018 2299 4068 ferret
2330 4018 2503 4068 idern.'
2536 4025 2595 4067 et

1541 4096 1698 4159 Virg.
1720 4098 1766 4144 6.
1784 4100 1899 4144 248.
1918 4095 1933 4122 ‘
1959 4109 2197 4157 magnum
2233 4094 2325 4142 dat
2357 4091 2497 4142 ferre
2519 4099 2597 4142 ta·

1541 4169 1777 4221 lentum.'
1800 4184 1913 4235 quae
1935 4170 2098 4221 lectio
2126 4168 2389 4219 'mihinon
2422 4168 2599 4231 displi-

2358 4251 2474 4303 4Y
