3200 4959
582 398 613 461 1
628 397 759 462 524

584 552 726 614 vulg.
746 549 993 612 Accipere,
1031 546 1168 612 qnod
1203 547 1482 596 Lambinus
1524 560 1642 609 pro-

583 627 711 686 διες
744 639 845 688 ego
866 631 1071 674 veteres
1093 621 1261 672 Codd.
1290 635 1494 686 sequor.
1558 621 1642 668 Ex

582 706 809 758 numeris
844 703 1073 753 manavit
1104 701 1350 752 mendosa
1382 701 1641 750 varietas:

583 783 659 835 sic
704 787 762 832 et
800 779 905 830 aiii.
970 778 1197 841 Accipere
1233 777 1487 826 Marullus
1526 791 1646 838 sup-

583 857 775 922 posuit.
844 853 1013 914 Gifcm.
1044 855 1271 916 Accipere
1289 868 1353 902 ex
1380 867 1477 902 une
1516 852 1642 900 seim

578 935 705 984 tilla.
770 933 991 982 Secutus
1044 943 1155 979 snm
1206 930 1306 978 hoc
1360 928 1473 978 loco
1527 927 1643 977 cod.

582 1010 927 1070 Florentinos,
978 1015 1040 1057 ut
1092 1007 1321 1056 omnium
1373 1006 1475 1055 hoc
1527 1006 1642 1054 ioco

580 1085 1047 1136 emendatissimos.
1082 1098 1201 1132 nem
1214 1083 1377 1132 ceteri
1396 1084 1532 1144 vulg.
1550 1084 1640 1130 ha·

580 1160 713 1210 bent
734 1161 818 1209 vel
835 1158 1063 1222 Accendi,
1084 1159 1169 1206 vel
1186 1158 1465 1221 Accendere,
1484 1158 1640 1220 plane

579 1237 843 1286 mendose.
874 1234 1211 1296 manuscripti
1242 1240 1415 1282 eutem
1446 1232 1642 1296 partim

578 1312 868 1371 Accendere,
884 1309 1071 1374 partim
1086 1309 1349 1358 Accedet-e.-
1370 1307 1506 1372 qnod
1526 1321 1642 1369 pos·

580 1396 801 1438 tremum
824 1389 1164 1451 depravatum
1198 1393 1279 1436 est
1311 1400 1377 1435 ex
1402 1399 1523 1434 vero
1544 1386 1640 1434 Ac-

578 1467 765 1529 cipere:
796 1479 912 1515 narn
954 1479 1019 1513 ex
1053 1463 1279 1526 Accipere
1318 1461 1515 1512 factum
1558 1468 1642 1511 est

580 1543 801 1606 primum
836 1541 1081 1602 Accidere,
1106 1555 1141 1602 p
1170 1540 1412 1598 inverso;
1444 1537 1638 1588 deinde

577 1620 814 1668 Accedere
828 1634 848 1676 ,-
880 1614 1067 1665 deinde
1098 1630 1164 1664 ex
1185 1615 1436 1675 Accedere,
1458 1616 1636 1664 Accen-

576 1695 709 1752 dere,
739 1699 795 1741 et
820 1692 1047 1742 Accendi.
1111 1691 1250 1752 Jam,
1288 1696 1636 1754 praeterquam

578 1769 717 1832 qnod
755 1768 945 1817 veritas
974 1772 1033 1815 et
1070 1767 1203 1816 ratio
1246 1767 1377 1814 hanc
1412 1766 1637 1828 scriptu·

578 1860 687 1894 ram
711 1843 1001 1902 confirmat,
1022 1842 1181 1890 etiam
1216 1841 1454 1906 exemplo
1486 1840 1634 1903 adju·

578 1927 744 1970 vatur.
776 1920 867 1969 Sic
888 1919 1023 1967 enim
1045 1916 1182 1966 idem
1207 1917 1434 1980 loquitur
1454 1920 1503 1965 6.
1526 1920 1634 1965 149.

577 1999 593 2025 ⁶
619 1995 830 2044 Aridior
860 2008 1015 2056 porro
1054 1993 1097 2042 si
1130 1993 1289 2041 nubes
1325 1993 1518 2055 accipit
1557 1992 1635 2056 ig.

576 2076 732 2120 nezul
764 2069 947 2120 eadem
988 2069 1189 2117 ratione
1222 2068 1287 2116 ab
1320 2069 1504 2118 eodem
1527 2068 1636 2118 dic·

578 2154 687 2197 tum
712 2153 791 2195 est
812 2148 828 2174 ‘
846 2146 1125 2207 concipere
1164 2144 1293 2204 ignis
1328 2143 1557 2206 semina,’
1578 2149 1638 2193 et

575 2224 592 2253 ⁸
620 2225 899 2285 concipere
934 2221 1144 2284 ignem,'
1198 2219 1288 2269 lib.
1344 2220 1459 2268 eod.
1516 2223 1634 2268 270.

576 2302 592 2328 ‘
618 2299 829 2362 Quippe
851 2298 1041 2346 etenim
1066 2297 1187 2345 solis
1211 2297 1278 2345 de
1301 2297 1493 2344 lumine
1508 2297 1638 2344 mul-

576 2379 634 2422 ta
672 2386 885 2421 necesse
924 2379 1005 2420 est
1044 2369 1371 2433 Concipere.'
1401 2369 1638 2419 ‘multa’

579 2447 773 2497 subint.
820 2445 913 2496 ἀπὸ
966 2445 1120 2495 κοινοῦ
1172 2445 1188 2473 ⁸
1220 2443 1456 2493 semina)
1488 2443 1640 2493 Idem

572 2521 701 2572 ibid.
728 2526 843 2571 3⁰6.
874 2523 889 2550 ‘
916 2536 1030 2570 cum
1055 2521 1213 2568 mnnita
1234 2520 1415 2583 rigoris
1438 2521 1636 2582 Corpo-

575 2613 635 2648 ra
652 2597 923 2646 dimittens
943 2596 1113 2658 ignem
1130 2595 1373 2657 concepit
1390 2594 1443 2642 in
1462 2595 1636 2646 auris.'

575 2687 643 2721 ex
666 2672 765 2719 hac
792 2685 849 2718 re
873 2678 1046 2719 autem
1074 2669 1461 2718 similitudinem
1483 2669 1637 2719 duxit

570 2747 723 2810 ‘Virg-
744 2746 861 2796 AEn.
894 2750 949 2795 2.
966 2749 1081 2794 411.
1144 2745 1165 2772 ‘
1186 2743 1247 2793 ln
1272 2752 1503 2807 segetem
1528 2747 1633 2794 vel-

574 2824 651 2871 uti
701 2836 817 2871 cum
856 2820 1063 2871 flamma
1098 2819 1387 2868 furentibus
1426 2821 1633 2869 Austris

570 2897 804 2959 Incidit,'
846 2901 948 2946 διο.
1012 2896 1190 2944 Zoiius
1234 2894 1367 2943 hanc
1411 2896 1633 2957 scriptu-

573 2988 683 3022 ram
708 2987 805 3020 non
830 2970 1087 3034 probavit,
1110 2983 1211 3017 non
1234 2968 1387 3016 aliam
1402 2969 1633 3035 (opinor)

575 3048 644 3098 ob
684 3062 911 3106 causam,
946 3061 1099 3111 qnam
1146 3045 1283 3111 qnod
1326 3046 1632 3108 scripseram

575 3140 691 3175 cam
713 3125 766 3172 in
799 3122 1069 3175 codicibus
1102 3120 1415 3171 Florentinis
1438 3122 1632 3185 reperi-

572 3201 644 3250 ri:
680 3213 895 3264 eamque
920 3213 951 3246 a
972 3198 1196 3248 Marullo
1232 3195 1367 3245 dixit
1396 3209 1506 3245 esse
1541 3211 1634 3245 ex-

576 3277 862 3339 cogitatam
884 3282 939 3324 et
970 3275 1322 3324 substitutam.
1387 3273 1634 3335 Egosivo

575 3350 675 3398 hoc
710 3350 781 3398 sit
802 3363 996 3409 verum,
1031 3349 1141 3398 sive
1174 3362 1276 3396 non
1306 3349 1398 3410 sit,
1418 3349 1501 3398 aio
1533 3363 1632 3398 nec

571 3437 746 3488 posse,
764 3437 861 3473 nec
894 3422 1091 3472 debere
1125 3423 1277 3472 aliter
1308 3424 1431 3485 legi.
1495 3425 1632 3472 Nam

576 3500 799 3561 primum
823 3499 839 3526 ‘
870 3497 1162 3548 accendere
1206 3498 1447 3548 incendia
1467 3499 1482 3521 '
1527 3498 1634 3548 dici

574 3575 758 3622 Latine
812 3588 913 3622 non
969 3579 1175 3636 potest:
1214 3573 1405 3622 deinde
1457 3585 1636 3622 verses

573 3651 788 3700 verbum
810 3652 1075 3699 Accendere
1107 3651 1206 3700 hoc
1243 3652 1358 3700 ioco
1395 3651 1633 3716 recipere

572 3739 675 3774 non
699 3732 891 3786 potest,
908 3724 1159 3787 quidquid
1184 3725 1407 3774 blateret
1426 3725 1635 3789 nebulo,

574 3801 666 3865 qui
708 3801 897 3849 ‘extra
951 3814 1220 3849 numerum
1272 3801 1339 3850 de
1380 3802 1630 3850 numeris’

572 3875 824 3938 disputat,
860 3873 1049 3938 quique
1085 3881 1357 3924 ‘numeros
1397 3875 1630 3925 innume-

573 3951 692 4014 ros‚'
714 3958 771 4000 et
791 3954 808 3979 ⁴
829 3963 1007 4000 versus
1042 3950 1311 4013 inversos,'
1338 3958 1394 4001 et
1417 3952 1433 3980 ‘
1450 3953 1629 4002 modos

570 4025 971 4089 immoderatos'
1008 4033 1071 4097 e}
1100 4027 1211 4090 ipse
1248 4025 1397 4090 facit,
1434 4034 1491 4077 et
1527 4030 1630 4079 Lu·

574 4102 741 4154 cretio
782 4102 953 4164 poem
991 4102 1190 4166 optimo
1236 4101 1450 4166 affingit.
1498 4118 1628 4168 qnos

571 4192 688 4229 cnm
722 4177 893 4237 studio,
914 4183 1006 4228 aut
1028 4178 1162 4240 lego,
1180 4179 1323 4228 soleo
1342 4179 1469 4228 iilud
1492 4180 1630 4229 Aris-

569 4253 811 4318 tophanis
842 4254 1085 4303 continuo
1120 4267 1389 4326 usurpare,
1414 4255 1522 4310 δότε
1550 4275 1630 4318 μοι

1292 403 1503 456 NOTAE
1552 403 1956 452 vARmRUM
2007 401 2088 448 IN

1721 542 1950 603 λεκάνην.
1987 547 2187 592 tantam
2231 539 2356 589 mihi
2397 553 2642 589 nauseam
2677 555 2786 588 mo·

1721 628 1864 683 vent,
1881 635 1979 670 nec
2002 619 2125 669 mihi
2147 619 2308 668 solum
2333 616 2427 681 (ne
2449 617 2564 679 quis
2597 629 2684 665 me
2705 616 2786 664 di-

1719 703 1804 746 cat
1852 710 1968 744 esse
2023 693 2376 756 fastidiosum)
2413 693 2504 740 sed
2547 693 2786 742 omnibus

1717 772 2000 822 hominibus
2024 771 2343 820 humanitate
2379 769 2556 832 politis
2591 773 2792 818 etern-

1718 847 1858 898 ditis.
1921 846 2089 896 Lame.

1787 927 1888 972 6⁰9
1921 923 2148 972 Forsitan
2169 926 2215 970 ei
2233 920 2392 983 rosea]
2425 921 2606 969 Tertia
2627 920 2784 968 ratio.

1717 998 1920 1048 solebat
1939 999 2076 1046 enim
2101 997 2372 1059 Epicurus·
2395 1007 2573 1042 earum
2609 1009 2782 1042 rernm

1717 1089 1831 1138 qnae
1856 1089 1886 1122 a
1917 1072 2242 1135 Philosophis
2284 1072 2338 1118 in
2373 1069 2782 1127 controversiam

1717 1155 1988 1210 vocantur,
2024 1154 2080 1196 et
2122 1147 2190 1195 de
2233 1146 2416 1210 quibus
2459 1157 2640 1198 sensns
2678 1159 2784 1194 non

1714 1223 1868 1274 facile
1896 1223 2138 1286 judicare
2159 1229 2352 1285 potest,
2375 1220 2570 1283 piureis
2593 1219 2782 1272 efferre

1717 1302 1959 1350 rationes.
2001 1298 2142 1364 qnod
2184 1305 2409 1348 testatur
2469 1297 2648 1346 Laert-
2706 1297 2785 1346 bis

1717 1377 1918 1426 verbis:
1952 1374 2018 1424 Τὸ
2039 1374 2090 1424 δὲ
2109 1374 2220 1436 μίαν
2240 1373 2394 1422 αἰτίαν
2411 1371 2594 1422 τούτων
2621 1373 2782 1422 διποδι-

1715 1452 1842 1500 aaa·
1859 1453 1955 1500 τᾶν
1972 1453 2246 1512 πλεοναχῶς
2261 1447 2562 1511 φαινομένων,
2573 1449 2785 1512 mamb»,

1715 1527 1794 1578 καὶ
1825 1528 1880 1576 οὔ
1913 1526 2204 1585 καθηκόντως
2237 1524 2558 1588 πραττόμενον
2577 1524 2668 1572 ὑπὸ
2688 1529 2786 1574 τῶν

1712 1604 1804 1662 τὴν
1853 1603 2057 1664 ματαίαν
2099 1602 2415 1667 ἂστρολσνίαν
2454 1601 2783 1664 &ammarum

1712 1679 1790 1728 καὶ
1809 1678 1874 1729 tls
1887 1679 1947 1728 τὸ
1965 1678 2100 1729 κενὸν
2115 1679 2264 1728 αἰτίας
2291 1681 2428 1728 τινῶν
2455 1679 2786 1742 ἀποδιδόντων,

1711 1761 1812 1806 &c.
1836 1758 1870 1808 i.
1893 1772 1940 1808 e.
1981 1758 1998 1787 ⁸
2018 1758 2186 1807 Unam
2209 1765 2384 1807 autem
2408 1760 2584 1807 harum
2610 1767 2782 1808 rerum

1711 1832 1898 1883 afferre
1931 1849 2157 1897 causam,
2187 1849 2302 1899 qnae
2326 1835 2498 1883 multis
2518 1835 2684 1884 modis
2704 1837 2782 1885 vi-

1711 1910 1899 1959 dentur
1921 1910 2172 1972 disputari
2191 1923 2366 1974 posse,
2395 1908 2646 1958 furiosum
2681 1918 2783 1972 est,

1711 2000 1883 2050 neque
1905 1993 2049 2035 recte
2082 1983 2146 2034 fit
2180 1985 2248 2034 ab
2281 1985 2343 2033 iis
2369 1986 2456 2049 qni
2477 1986 2686 2034 inanem
2705 2000 2786 2034 as-

1711 2061 1986 2124 trologiam
2029 2059 2260 2109 studiose
2297 2065 2688 2122 consectantur,
2723 2067 2783 2110 et

1713 2136 1800 2200 qui
1833 2142 2030 2184 temere
2064 2135 2386 2198 quarundam
2427 2149 2600 2183 rernm
2623 2135 2784 2186 ratio·

1713 2224 1806 2258 nes
1823 2208 2081 2260 reddunt.’
2114 2209 2282 2258 Lan-b.
2335 2210 2492 2259 Aliud
2508 2218 2623 2258 est:
2660 2213 2783 2260 ‘ac-

1711 2286 1890 2349 cipere
1933 2283 2207 2345 incendia‚’
2267 2285 2404 2334 alind
2466 2286 2782 2348 ‘concipere

1712 2360 1922 2424 ignem,'
1959 2362 1975 2390 ⁴
1995 2359 2259 2422 flammas,’
2293 2363 2394 2409 dcc.
2428 2360 2546 2409 Hoc
2587 2363 2783 2424 proba-

1713 2437 1963 2485 tissimum
1989 2449 2150 2498 genus
2174 2435 2438 2500 loquendi,
2467 2435 2594 2484 illud
2627 2437 2783 2486 inusi-

1714 2519 1882 2563 tatum
1926 2515 2134 2562 saltem.
2200 2513 2449 2573 Omnino,
2493 2520 2554 2562 ut
2597 2529 2780 2563 verum

1711 2591 1904 2653 fatear,
1943 2599 2089 2641 recto
2127 2591 2248 2639 mihi
2283 2592 2390 2638 taio
2409 2590 2618 2640 videtur
2639 2601 2781 2644 stare

1713 2667 1908 2716 Gifanii
1945 2668 2274 2718 emendatio:
2317 2669 2582 2718 Accendere
2601 2684 2664 2718 σε
2684 2683 2781 2718 m

1706 2745 1934 2805 scintilla,
1957 2748 2038 2807 qc.
2072 2747 2088 2773 ‘
2108 2744 2414 2794 Accendere
2431 2744 2446 2767 ’
2466 2752 2640 2793 antem
2663 2748 2679 2772 ‘
2701 2746 2778 2794 in·-

1711 2821 1932 2880 cendia‚'
1950 2830 2006 2869 ut
2028 2823 2045 2851 ‘
2062 2821 2351 2870 accendere
2368 2821 2596 2881 beilnm‚’
2619 2822 2706 2870 lib.
2729 2826 2778 2872 l.

1709 2894 1865 2945 dixit.
1899 2897 2098 2945 Verum
2119 2911 2145 2945 e
2159 2897 2216 2945 in
2233 2896 2514 2958 penultima
2531 2897 2780 2947 elidenda

1710 2973 1832 3035 erit,
1869 2979 1927 3022 ut
1965 2973 2055 3024 lib.
2094 2978 2146 3024 2.
2185 2978 2301 3023 680.
2339 2975 2392 3022 in
2433 2973 2776 3037 ‘contingere

1709 3048 1928 3110 parato?
1971 3049 2045 3097 sic
2088 3063 2203 3111 sup.
2243 3051 2293 3097 2.
2334 3051 2480 3098 1024.
2540 3049 2778 3098 Accedere

1711 3136 1807 3185 pro
1829 3123 2054 3174 Accidere
2073 3121 2230 3174 habet
2252 3130 2471 3187 uterque
2503 3137 2570 3172 ex
2605 3125 2780 3174 Vossii

1711 3197 1878 3246 Codd.
1905 3199 2074 3260 Preig.

1773 3278 1874 3323 61⁰
1907 3275 2176 3337 Possideat]
2216 3276 2329 3336 Est,
2369 3279 2432 3324 ut
2469 3273 2771 3338 possidente

1709 3347 1823 3399 fieri
1855 3356 2050 3412 potest,
2071 3357 2130 3400 ut
2153 3349 2433 3413 possideat.
2467 3349 2637 3398 hmo.

1779 3426 1958 3488 Cascis]
1994 3426 2266 3486 Obscuris,
2285 3431 2342 3474 et
2363 3425 2628 3473 oculorum
2663 3439 2775 3473 sen-

1711 3514 1824 3549 sum
1846 3499 2182 3564 fugientibus.
2211 3500 2379 3549 Leno.

1773 3583 1870 3628 611
1919 3581 2066 3628 Nullo
2107 3580 2189 3642 qui
2223 3579 2290 3627 sii
2321 3579 2520 3638 fulgore
2554 3577 2772 3640 utam]

1710 3652 1814 3704 Qui
1835 3669 1934 3708 non
1958 3653 2174 3716 fulgeat,
2209 3661 2266 3704 et
2300 3655 2496 3703 idcirco
2526 3667 2630 3704 non
2662 3669 2774 3703 cern·

1707 3727 1914 3778 nature
1933 3730 2104 3779 nobis.
2136 3729 2304 3779 Lamo.

1773 3808 1871 3853 612
1902 3804 2208 3866 AEstiferum]
2239 3803 2463 3862 AEstifer.
2496 3803 2672 3855 Gifan.

1771 3883 2056 3945 Exaageet]
2090 3882 2137 3933 1.
2181 3897 2229 3932 e.
2269 3882 2420 3930 vaide
2449 3890 2655 3947 augeat.
2691 3884 2769 3932 sic

1709 3966 1882 4006 autem
1921 3958 2116 4007 habent
2151 3956 2273 4006 libri
2309 3958 2677 4020 Mannscripti,
2715 3965 2773 4007 et

1705 4033 1936 4082 nonnulli
1967 4033 2108 4096 typis
2145 4033 2342 4082 excusi.
2379 4031 2548 4081 ntitnr
2582 4033 2768 4081 eodem

1707 4108 1866 4158 verbo
1886 4109 2008 4158 Ter.
2031 4108 2224 4158 Heaut.
2247 4113 2298 4157 2.
2329 4112 2379 4156 2.
2417 4111 2468 4156 2.
2503 4108 2520 4137 ⁸
2540 4108 2769 4158 Concur-

1705 4190 1826 4233 runt
1861 4186 2038 4235 multae
2075 4184 2358 4246 opiniones,
2377 4195 2494 4246 qnae
2516 4183 2637 4231 mihi
2657 4186 2770 4232 ani·-

1703 4271 1842 4310 mum
1857 4266 2148 4325 exaugcant
2163 4258 2210 4309 ι’
2242 4259 2279 4309 i.
2303 4271 2348 4308 e.
2373 4271 2494 4322 qun
2505 4272 2590 4308 me
2600 4259 2770 4322 magis
