<?xml version="1.0" encoding="UTF-8"?>
<!DOCTYPE html PUBLIC "-//W3C//DTD XHTML 1.0 Transitional//EN"
    "http://www.w3.org/TR/xhtml1/DTD/xhtml1-transitional.dtd">
<html xmlns="http://www.w3.org/1999/xhtml" xml:lang="en" lang="en">
 <head>
  <title>
</title>
<meta http-equiv="Content-Type" content="text/html;charset=utf-8" />
  <meta name='ocr-system' content='tesseract 3.04.00' />
  <meta name='ocr-capabilities' content='ocr_page ocr_carea ocr_par ocr_line ocrx_word'/>
</head>
<body>
  <div class='ocr_page' id='page_1' title='image "./dererumnaturali00unkngoog_0380.png"; bbox 0 0 3200 4959; ppageno 0'>
   <div class='ocr_carea' id='block_1_1' title="bbox 664 436 2182 505">
    <p class='ocr_par' dir='ltr' id='par_1_1' title="bbox 664 436 2182 505">
     <span class='ocr_line' id='line_1_1' title="bbox 664 436 2182 505; baseline -0.004 -4"><span class='ocrx_word' id='word_1_1' title='bbox 664 436 837 505; x_wconf 72' lang='lat'><strong>1732</strong></span> <span class='ocrx_word' id='word_1_2' title='bbox 1310 446 1702 499; x_wconf 70' lang='lat' dir='ltr'><strong>nncsnsus</strong></span> <span class='ocrx_word' id='word_1_3' title='bbox 1751 446 2182 497; x_wconf 67' lang='lat' dir='ltr'><strong>annuorum</strong></span> 
     </span>
    </p>
   </div>
   <div class='ocr_carea' id='block_1_2' title="bbox 662 592 2886 4223">
    <p class='ocr_par' dir='ltr' id='par_1_2' title="bbox 662 592 2884 773">
     <span class='ocr_line' id='line_1_2' title="bbox 662 592 2884 676; baseline -0.002 -16"><span class='ocrx_word' id='word_1_4' title='bbox 662 598 875 661; x_wconf 82' lang='lat' dir='ltr'><strong>rallelis</strong></span> <span class='ocrx_word' id='word_1_5' title='bbox 902 598 1151 659; x_wconf 82' lang='lat' dir='ltr'><strong>aliorum</strong></span> <span class='ocrx_word' id='word_1_6' title='bbox 1182 597 1538 676; x_wconf 82' lang='lat' dir='ltr'><strong>scriptorum</strong></span> <span class='ocrx_word' id='word_1_7' title='bbox 1564 595 1740 667; x_wconf 81' lang='lat' dir='ltr'><strong>locis,</strong></span> <span class='ocrx_word' id='word_1_8' title='bbox 1767 614 1905 656; x_wconf 85' lang='lat' dir='ltr'><strong>cum</strong></span> <span class='ocrx_word' id='word_1_9' title='bbox 1933 592 2260 655; x_wconf 77' lang='lat' dir='ltr'><strong>Aristotelis</strong></span> <span class='ocrx_word' id='word_1_10' title='bbox 2293 592 2592 672; x_wconf 57' lang='lat' dir='ltr'><strong>mutuus,</strong></span> <span class='ocrx_word' id='word_1_11' title='bbox 2631 593 2884 673; x_wconf 77' lang='lat' dir='ltr'><strong>aliisque</strong></span> 
     </span>
     <span class='ocr_line' id='line_1_3' title="bbox 667 689 2082 773; baseline -0.007 -18"><span class='ocrx_word' id='word_1_12' title='bbox 667 695 905 773; x_wconf 85' lang='lat' dir='ltr'><strong>scriptis</strong></span> <span class='ocrx_word' id='word_1_13' title='bbox 936 702 1220 766; x_wconf 78' lang='lat' dir='ltr'><strong>veterum,</strong></span> <span class='ocrx_word' id='word_1_14' title='bbox 1249 694 1305 752; x_wconf 90' lang='lat' dir='ltr'><strong>in</strong></span> <span class='ocrx_word' id='word_1_15' title='bbox 1340 692 1666 752; x_wconf 80' lang='lat' dir='ltr'><strong>subsidium</strong></span> <span class='ocrx_word' id='word_1_16' title='bbox 1693 689 2082 751; x_wconf 83' lang='lat' dir='ltr'><strong>convocatis..</strong></span> 
     </span>
    </p>

    <p class='ocr_par' dir='ltr' id='par_1_3' title="bbox 666 782 2885 961">
     <span class='ocr_line' id='line_1_4' title="bbox 748 782 2885 866; baseline -0.003 -17"><span class='ocrx_word' id='word_1_17' title='bbox 748 790 1157 851; x_wconf 86' lang='lat' dir='ltr'><strong>——Lucretius.</strong></span> <span class='ocrx_word' id='word_1_18' title='bbox 1200 788 1481 860; x_wconf 78' lang='lat' dir='ltr'><strong>venetiis,</strong></span> <span class='ocrx_word' id='word_1_19' title='bbox 1503 806 1612 866; x_wconf 87' lang='lat' dir='ltr'><strong>per</strong></span> <span class='ocrx_word' id='word_1_20' title='bbox 1629 785 2018 847; x_wconf 84' lang='lat' dir='ltr'><strong>Theodorum</strong></span> <span class='ocrx_word' id='word_1_21' title='bbox 2039 784 2116 843; x_wconf 92' lang='lat' dir='ltr'><strong>de</strong></span> <span class='ocrx_word' id='word_1_22' title='bbox 2139 782 2550 861; x_wconf 81' lang='lat' dir='ltr'><strong>Ragazonibus</strong></span> <span class='ocrx_word' id='word_1_23' title='bbox 2575 784 2654 844; x_wconf 87' lang='lat' dir='ltr'><strong>de</strong></span> <span class='ocrx_word' id='word_1_24' title='bbox 2673 785 2885 847; x_wconf 78' lang='lat' dir='ltr'><strong>Asula.</strong></span> 
     </span>
     <span class='ocr_line' id='line_1_5' title="bbox 666 886 1786 961; baseline -0.004 -14"><span class='ocrx_word' id='word_1_25' title='bbox 666 886 1102 947; x_wconf 77' lang='lat' dir='ltr'><strong>Fol.—Panzer</strong></span> <span class='ocrx_word' id='word_1_26' title='bbox 1126 886 1303 945; x_wconf 84' lang='lat' dir='ltr'><strong>Tom.</strong></span> <span class='ocrx_word' id='word_1_27' title='bbox 1329 900 1441 944; x_wconf 78' lang='grc' dir='ltr'><strong>ιιι.</strong></span> <span class='ocrx_word' id='word_1_28' title='bbox 1479 902 1617 961; x_wconf 88' lang='lat' dir='ltr'><strong>pag.</strong></span> <span class='ocrx_word' id='word_1_29' title='bbox 1643 890 1786 951; x_wconf 77' lang='lat'><strong>472.</strong></span> 
     </span>
    </p>

    <p class='ocr_par' dir='ltr' id='par_1_4' title="bbox 668 974 2884 1253">
     <span class='ocr_line' id='line_1_6' title="bbox 756 974 2884 1053; baseline -0.004 -11"><span class='ocrx_word' id='word_1_30' title='bbox 756 1026 773 1042; x_wconf 90' lang='lat'><strong>.</strong></span> <span class='ocrx_word' id='word_1_31' title='bbox 793 1026 810 1043; x_wconf 95' lang='lat'><strong>.</strong></span> <span class='ocrx_word' id='word_1_32' title='bbox 829 1026 844 1043; x_wconf 89' lang='lat'><strong>.</strong></span> <span class='ocrx_word' id='word_1_33' title='bbox 871 981 1000 1042; x_wconf 85' lang='lat' dir='ltr'><strong>Titi</strong></span> <span class='ocrx_word' id='word_1_34' title='bbox 1020 981 1278 1043; x_wconf 88' lang='lat' dir='ltr'><strong>Lucretii</strong></span> <span class='ocrx_word' id='word_1_35' title='bbox 1298 980 1438 1040; x_wconf 86' lang='lat' dir='ltr'><strong>Cari</strong></span> <span class='ocrx_word' id='word_1_36' title='bbox 1464 978 1544 1037; x_wconf 85' lang='lat' dir='ltr'><strong>de</strong></span> <span class='ocrx_word' id='word_1_37' title='bbox 1569 995 1766 1038; x_wconf 87' lang='lat' dir='ltr'><strong>rerum</strong></span> <span class='ocrx_word' id='word_1_38' title='bbox 1797 984 2006 1036; x_wconf 81' lang='lat' dir='ltr'><strong>natura</strong></span> <span class='ocrx_word' id='word_1_39' title='bbox 2031 975 2170 1035; x_wconf 79' lang='lat' dir='ltr'><strong>libri</strong></span> <span class='ocrx_word' id='word_1_40' title='bbox 2183 994 2307 1035; x_wconf 81' lang='lat' dir='ltr'><strong>sex.</strong></span> <span class='ocrx_word' id='word_1_41' title='bbox 2335 974 2403 1035; x_wconf 88' lang='lat' dir='ltr'><strong>S.</strong></span> <span class='ocrx_word' id='word_1_42' title='bbox 2423 994 2480 1033; x_wconf 90' lang='lat' dir='ltr'><strong>a.</strong></span> <span class='ocrx_word' id='word_1_43' title='bbox 2497 974 2539 1033; x_wconf 90' lang='lat' dir='ltr'><strong>l.</strong></span> <span class='ocrx_word' id='word_1_44' title='bbox 2561 983 2623 1033; x_wconf 86' lang='lat' dir='ltr'><strong>et</strong></span> <span class='ocrx_word' id='word_1_45' title='bbox 2637 984 2884 1053; x_wconf 77' lang='lat' dir='ltr'><strong>typogr.</strong></span> 
     </span>
     <span class='ocr_line' id='line_1_7' title="bbox 668 1070 2884 1150; baseline -0.004 -11"><span class='ocrx_word' id='word_1_46' title='bbox 668 1077 1098 1139; x_wconf 82' lang='lat' dir='ltr'><strong>Fol.--Panzer</strong></span> <span class='ocrx_word' id='word_1_47' title='bbox 1114 1077 1288 1136; x_wconf 83' lang='lat' dir='ltr'><strong>Tom.</strong></span> <span class='ocrx_word' id='word_1_48' title='bbox 1316 1092 1411 1135; x_wconf 78' lang='lat' dir='ltr'><strong>IV.</strong></span> <span class='ocrx_word' id='word_1_49' title='bbox 1440 1095 1513 1135; x_wconf 81' lang='lat' dir='ltr'><strong>ex</strong></span> <span class='ocrx_word' id='word_1_50' title='bbox 1541 1074 1731 1135; x_wconf 89' lang='lat' dir='ltr'><strong>Denis</strong></span> <span class='ocrx_word' id='word_1_51' title='bbox 1757 1072 1970 1150; x_wconf 86' lang='lat' dir='ltr'><strong>Suppl.</strong></span> <span class='ocrx_word' id='word_1_52' title='bbox 2019 1072 2194 1131; x_wconf 80' lang='lat' dir='ltr'><strong>eous.</strong></span> <span class='ocrx_word' id='word_1_53' title='bbox 2219 1070 2546 1148; x_wconf 74' lang='lat' dir='ltr'><strong>catalogue</strong></span> <span class='ocrx_word' id='word_1_54' title='bbox 2575 1071 2686 1129; x_wconf 87' lang='lat' dir='ltr'><strong>des</strong></span> <span class='ocrx_word' id='word_1_55' title='bbox 2709 1071 2884 1131; x_wconf 82' lang='lat' dir='ltr'><strong>livres</strong></span> 
     </span>
     <span class='ocr_line' id='line_1_8' title="bbox 670 1170 2390 1253; baseline -0.004 -18"><span class='ocrx_word' id='word_1_56' title='bbox 670 1174 971 1253; x_wconf 70' lang='lat' dir='ltr'><strong>imprimes</strong></span> <span class='ocrx_word' id='word_1_57' title='bbox 998 1173 1073 1233; x_wconf 89' lang='lat' dir='ltr'><strong>de</strong></span> <span class='ocrx_word' id='word_1_58' title='bbox 1099 1173 1154 1232; x_wconf 84' lang='lat' dir='ltr'><strong>la</strong></span> <span class='ocrx_word' id='word_1_59' title='bbox 1186 1172 1591 1249; x_wconf 79' lang='lat' dir='ltr'>bibliotheque</span> <span class='ocrx_word' id='word_1_60' title='bbox 1615 1171 1698 1231; x_wconf 91' lang='lat' dir='ltr'><strong>du</strong></span> <span class='ocrx_word' id='word_1_61' title='bbox 1725 1170 1864 1241; x_wconf 78' lang='lat' dir='ltr'><strong>Roi,</strong></span> <span class='ocrx_word' id='word_1_62' title='bbox 1896 1170 2130 1241; x_wconf 70' lang='lat' dir='ltr'><strong>poetes,</strong></span> <span class='ocrx_word' id='word_1_63' title='bbox 2163 1188 2220 1227; x_wconf 91' lang='lat' dir='ltr'><strong>n.</strong></span> <span class='ocrx_word' id='word_1_64' title='bbox 2249 1176 2390 1235; x_wconf 84' lang='lat'><strong>733.</strong></span> 
     </span>
    </p>

    <p class='ocr_par' dir='ltr' id='par_1_5' title="bbox 668 1264 2886 1529">
     <span class='ocr_line' id='line_1_9' title="bbox 754 1264 2886 1348; baseline -0.003 -19"><span class='ocrx_word' id='word_1_65' title='bbox 754 1278 911 1331; x_wconf 82' lang='lat'><strong>1504</strong></span> <span class='ocrx_word' id='word_1_66' title='bbox 954 1268 1152 1348; x_wconf 86' lang='lat' dir='ltr'><strong>Raph.</strong></span> <span class='ocrx_word' id='word_1_67' title='bbox 1208 1265 1436 1339; x_wconf 86' lang='lat' dir='ltr'><strong>Franci,</strong></span> <span class='ocrx_word' id='word_1_68' title='bbox 1483 1265 1829 1335; x_wconf 83' lang='lat' dir='ltr'><strong>Florentini,</strong></span> <span class='ocrx_word' id='word_1_69' title='bbox 1873 1265 1934 1323; x_wconf 89' lang='lat' dir='ltr'><strong>in</strong></span> <span class='ocrx_word' id='word_1_70' title='bbox 1979 1264 2320 1323; x_wconf 88' lang='lat' dir='ltr'><strong>Lucretium</strong></span> <span class='ocrx_word' id='word_1_71' title='bbox 2367 1264 2772 1340; x_wconf 71' lang='lat' dir='ltr'><strong>paraphrasis,</strong></span> <span class='ocrx_word' id='word_1_72' title='bbox 2821 1273 2886 1325; x_wconf 88' lang='lat' dir='ltr'><strong>et</strong></span> 
     </span>
     <span class='ocr_line' id='line_1_10' title="bbox 668 1358 2884 1443; baseline -0.004 -18"><span class='ocrx_word' id='word_1_73' title='bbox 668 1364 981 1443; x_wconf 78' lang='lat' dir='ltr'><strong>Appendix</strong></span> <span class='ocrx_word' id='word_1_74' title='bbox 1034 1364 1111 1424; x_wconf 90' lang='lat' dir='ltr'><strong>de</strong></span> <span class='ocrx_word' id='word_1_75' title='bbox 1161 1362 1374 1421; x_wconf 80' lang='lat' dir='ltr'><strong>animae</strong></span> <span class='ocrx_word' id='word_1_76' title='bbox 1430 1358 1887 1421; x_wconf 75' lang='lat' dir='ltr'><strong>immortalitate.</strong></span> <span class='ocrx_word' id='word_1_77' title='bbox 1983 1359 2281 1428; x_wconf 83' lang='lat' dir='ltr'><strong>Bononiae,</strong></span> <span class='ocrx_word' id='word_1_78' title='bbox 2335 1358 2498 1436; x_wconf 82' lang='lat' dir='ltr'><strong>apud</strong></span> <span class='ocrx_word' id='word_1_79' title='bbox 2555 1359 2653 1417; x_wconf 86' lang='lat' dir='ltr'><strong>Jo.</strong></span> <span class='ocrx_word' id='word_1_80' title='bbox 2698 1362 2884 1419; x_wconf 88' lang='lat' dir='ltr'><strong>Anto-</strong></span> 
     </span>
     <span class='ocr_line' id='line_1_11' title="bbox 670 1460 2112 1529; baseline 0.008 -11"><span class='ocrx_word' id='word_1_81' title='bbox 670 1460 856 1519; x_wconf 81' lang='lat' dir='ltr'><strong>nium.</strong></span> <span class='ocrx_word' id='word_1_82' title='bbox 888 1469 947 1520; x_wconf 77' lang='lat'><strong>4.</strong></span> <span class='ocrx_word' id='word_1_83' title='bbox 2093 1520 2112 1529; x_wconf 70' lang='grc'><strong>-</strong></span> 
     </span>
    </p>

    <p class='ocr_par' dir='ltr' id='par_1_6' title="bbox 670 1548 2883 2208">
     <span class='ocr_line' id='line_1_12' title="bbox 758 1548 2883 1619; baseline -0.003 -5"><span class='ocrx_word' id='word_1_84' title='bbox 758 1563 907 1615; x_wconf 93' lang='grc'>1511</span> <span class='ocrx_word' id='word_1_85' title='bbox 954 1554 1081 1614; x_wconf 87' lang='lat' dir='ltr'><strong>Titi</strong></span> <span class='ocrx_word' id='word_1_86' title='bbox 1110 1552 1363 1613; x_wconf 88' lang='lat' dir='ltr'><strong>Lucretii</strong></span> <span class='ocrx_word' id='word_1_87' title='bbox 1392 1553 1533 1613; x_wconf 88' lang='lat' dir='ltr'><strong>Cari</strong></span> <span class='ocrx_word' id='word_1_88' title='bbox 1580 1554 1657 1611; x_wconf 88' lang='lat' dir='ltr'><strong>de</strong></span> <span class='ocrx_word' id='word_1_89' title='bbox 1696 1570 1891 1612; x_wconf 85' lang='lat' dir='ltr'><strong>rerum</strong></span> <span class='ocrx_word' id='word_1_90' title='bbox 1932 1558 2142 1611; x_wconf 84' lang='lat' dir='ltr'><strong>natura</strong></span> <span class='ocrx_word' id='word_1_91' title='bbox 2185 1548 2324 1608; x_wconf 84' lang='lat' dir='ltr'><strong>libri</strong></span> <span class='ocrx_word' id='word_1_92' title='bbox 2371 1568 2492 1619; x_wconf 85' lang='lat' dir='ltr'><strong>sex,</strong></span> <span class='ocrx_word' id='word_1_93' title='bbox 2536 1566 2674 1607; x_wconf 90' lang='lat' dir='ltr'><strong>cum</strong></span> <span class='ocrx_word' id='word_1_94' title='bbox 2719 1568 2883 1609; x_wconf 88' lang='lat' dir='ltr'><strong>com·</strong></span> 
     </span>
     <span class='ocr_line' id='line_1_13' title="bbox 670 1644 2883 1727; baseline -0.002 -20"><span class='ocrx_word' id='word_1_95' title='bbox 670 1649 968 1709; x_wconf 86' lang='lat' dir='ltr'><strong>mentariis</strong></span> <span class='ocrx_word' id='word_1_96' title='bbox 996 1652 1093 1710; x_wconf 86' lang='lat' dir='ltr'><strong>Jo.</strong></span> <span class='ocrx_word' id='word_1_97' title='bbox 1136 1649 1421 1727; x_wconf 77' lang='lat' dir='ltr'><strong>Baptistae</strong></span> <span class='ocrx_word' id='word_1_98' title='bbox 1462 1648 1574 1727; x_wconf 85' lang='lat' dir='ltr'><strong>Pii.</strong></span> <span class='ocrx_word' id='word_1_99' title='bbox 1617 1648 1918 1719; x_wconf 80' lang='lat' dir='ltr'><strong>Bououiae‚</strong></span> <span class='ocrx_word' id='word_1_100' title='bbox 1965 1647 2119 1726; x_wconf 84' lang='lat' dir='ltr'><strong>typis</strong></span> <span class='ocrx_word' id='word_1_101' title='bbox 2161 1644 2505 1705; x_wconf 81' lang='lat' dir='ltr'><strong>excussoriis</strong></span> <span class='ocrx_word' id='word_1_102' title='bbox 2545 1644 2782 1705; x_wconf 84' lang='lat' dir='ltr'><strong>editum</strong></span> <span class='ocrx_word' id='word_1_103' title='bbox 2823 1646 2883 1703; x_wconf 89' lang='lat' dir='ltr'><strong>in</strong></span> 
     </span>
     <span class='ocr_line' id='line_1_14' title="bbox 671 1741 2882 1824; baseline -0.001 -21"><span class='ocrx_word' id='word_1_104' title='bbox 671 1744 1007 1823; x_wconf 84' lang='lat' dir='ltr'><strong>Ergasterio</strong></span> <span class='ocrx_word' id='word_1_105' title='bbox 1035 1744 1381 1824; x_wconf 82' lang='lat' dir='ltr'><strong>Hieronymi</strong></span> <span class='ocrx_word' id='word_1_106' title='bbox 1406 1745 1696 1822; x_wconf 80' lang='lat' dir='ltr'><strong>Baptistae</strong></span> <span class='ocrx_word' id='word_1_107' title='bbox 1723 1744 1799 1805; x_wconf 87' lang='lat' dir='ltr'><strong>de</strong></span> <span class='ocrx_word' id='word_1_108' title='bbox 1825 1743 2158 1803; x_wconf 87' lang='lat' dir='ltr'><strong>Benedictis</strong></span> <span class='ocrx_word' id='word_1_109' title='bbox 2180 1741 2468 1801; x_wconf 85' lang='lat' dir='ltr'><strong>Platonici</strong></span> <span class='ocrx_word' id='word_1_110' title='bbox 2494 1742 2882 1801; x_wconf 82' lang='lat' dir='ltr'><strong>Bononiensis</strong></span> 
     </span>
     <span class='ocr_line' id='line_1_15' title="bbox 671 1838 2880 1919; baseline -0 -19"><span class='ocrx_word' id='word_1_111' title='bbox 671 1843 845 1900; x_wconf 89' lang='lat' dir='ltr'><strong>Anno</strong></span> <span class='ocrx_word' id='word_1_112' title='bbox 874 1856 1090 1902; x_wconf 72' lang='lat' dir='ltr'><strong>unxi.</strong></span> <span class='ocrx_word' id='word_1_113' title='bbox 1120 1841 1558 1902; x_wconf 83' lang='lat' dir='ltr'><strong>Fol.—Panzer</strong></span> <span class='ocrx_word' id='word_1_114' title='bbox 1581 1842 1762 1901; x_wconf 85' lang='lat' dir='ltr'><strong>Tom.</strong></span> <span class='ocrx_word' id='word_1_115' title='bbox 1792 1858 1889 1901; x_wconf 86' lang='lat' dir='ltr'><strong>v1.</strong></span> <span class='ocrx_word' id='word_1_116' title='bbox 1919 1860 2054 1919; x_wconf 85' lang='lat' dir='ltr'><strong>pag.</strong></span> <span class='ocrx_word' id='word_1_117' title='bbox 2085 1840 2226 1901; x_wconf 79' lang='lat'><strong>326.</strong></span> <span class='ocrx_word' id='word_1_118' title='bbox 2273 1840 2462 1917; x_wconf 84' lang='lat' dir='ltr'><strong>Opes,</strong></span> <span class='ocrx_word' id='word_1_119' title='bbox 2491 1858 2630 1916; x_wconf 81' lang='lat' dir='ltr'><strong>quae</strong></span> <span class='ocrx_word' id='word_1_120' title='bbox 2659 1838 2776 1899; x_wconf 81' lang='lat' dir='ltr'><strong>sibi</strong></span> <span class='ocrx_word' id='word_1_121' title='bbox 2801 1840 2880 1899; x_wconf 82' lang='lat' dir='ltr'><strong>ad</strong></span> 
     </span>
     <span class='ocr_line' id='line_1_16' title="bbox 670 1935 2882 2015; baseline -0 -18"><span class='ocrx_word' id='word_1_122' title='bbox 670 1936 1095 1998; x_wconf 85' lang='lat' dir='ltr'><strong>emendandum</strong></span> <span class='ocrx_word' id='word_1_123' title='bbox 1125 1937 1387 2001; x_wconf 87' lang='lat' dir='ltr'><strong>Lucretii</strong></span> <span class='ocrx_word' id='word_1_124' title='bbox 1407 1956 1646 1997; x_wconf 83' lang='lat' dir='ltr'><strong>carmen</strong></span> <span class='ocrx_word' id='word_1_125' title='bbox 1673 1944 2095 2015; x_wconf 84' lang='lat' dir='ltr'><strong>competerent,</strong></span> <span class='ocrx_word' id='word_1_126' title='bbox 2135 1936 2276 1995; x_wconf 88' lang='lat' dir='ltr'><strong>Pius</strong></span> <span class='ocrx_word' id='word_1_127' title='bbox 2315 1937 2569 2013; x_wconf 83' lang='lat' dir='ltr'><strong>ipsemet</strong></span> <span class='ocrx_word' id='word_1_128' title='bbox 2609 1935 2695 1995; x_wconf 87' lang='lat' dir='ltr'><strong>sic</strong></span> <span class='ocrx_word' id='word_1_129' title='bbox 2744 1956 2882 2015; x_wconf 85' lang='lat' dir='ltr'><strong>per-</strong></span> 
     </span>
     <span class='ocr_line' id='line_1_17' title="bbox 672 2032 2882 2111; baseline -0.003 -14"><span class='ocrx_word' id='word_1_130' title='bbox 672 2033 935 2097; x_wconf 77' lang='lat' dir='ltr'><strong>censuit:</strong></span> <span class='ocrx_word' id='word_1_131' title='bbox 983 2042 1001 2068; x_wconf 78' lang='lat'><em>⁶</em></span> <span class='ocrx_word' id='word_1_132' title='bbox 1024 2033 1416 2105; x_wconf 83' lang='lat' dir='ltr'><strong>Contulimus‚</strong></span> <span class='ocrx_word' id='word_1_133' title='bbox 1446 2054 1564 2094; x_wconf 89' lang='lat' dir='ltr'><strong>non</strong></span> <span class='ocrx_word' id='word_1_134' title='bbox 1607 2035 1729 2093; x_wconf 84' lang='lat' dir='ltr'><strong>sine</strong></span> <span class='ocrx_word' id='word_1_135' title='bbox 1755 2034 2030 2094; x_wconf 65' lang='lat' dir='ltr'><strong>aerumnis</strong></span> <span class='ocrx_word' id='word_1_136' title='bbox 2055 2032 2378 2111; x_wconf 84' lang='lat' dir='ltr'><strong>vigiliisque</strong></span> <span class='ocrx_word' id='word_1_137' title='bbox 2403 2032 2665 2103; x_wconf 85' lang='lat' dir='ltr'><strong>diutinis,</strong></span> <span class='ocrx_word' id='word_1_138' title='bbox 2691 2032 2882 2093; x_wconf 79' lang='lat' dir='ltr'><strong>codi-</strong></span> 
     </span>
     <span class='ocr_line' id='line_1_18' title="bbox 672 2128 2714 2208; baseline -0.001 -18"><span class='ocrx_word' id='word_1_139' title='bbox 672 2150 801 2195; x_wconf 84' lang='lat' dir='ltr'><strong>cem</strong></span> <span class='ocrx_word' id='word_1_140' title='bbox 833 2132 1043 2191; x_wconf 81' lang='lat' dir='ltr'><strong>Veneti</strong></span> <span class='ocrx_word' id='word_1_141' title='bbox 1073 2130 1416 2200; x_wconf 77' lang='lat' dir='ltr'><strong>Hermolai‚&#39;</strong></span> <span class='ocrx_word' id='word_1_142' title='bbox 1440 2134 1553 2190; x_wconf 70' lang='lat' dir='ltr'><strong>dcc.</strong></span> <span class='ocrx_word' id='word_1_143' title='bbox 1611 2130 1746 2190; x_wconf 90' lang='lat' dir='ltr'><strong>Vid.</strong></span> <span class='ocrx_word' id='word_1_144' title='bbox 1778 2128 2129 2190; x_wconf 80' lang='lat' dir='ltr'><strong>Wakefieldi</strong></span> <span class='ocrx_word' id='word_1_145' title='bbox 2155 2130 2330 2189; x_wconf 71' lang='lat' dir='ltr'><strong>Praef.</strong></span> <span class='ocrx_word' id='word_1_146' title='bbox 2351 2148 2532 2208; x_wconf 84' lang='lat' dir='ltr'><strong>snpra</strong></span> <span class='ocrx_word' id='word_1_147' title='bbox 2559 2150 2621 2207; x_wconf 88' lang='lat' dir='ltr'><strong>p.</strong></span> <span class='ocrx_word' id='word_1_148' title='bbox 2651 2138 2714 2199; x_wconf 83' lang='lat'><strong>7.</strong></span> 
     </span>
    </p>

    <p class='ocr_par' dir='ltr' id='par_1_7' title="bbox 667 2224 2884 2973">
     <span class='ocr_line' id='line_1_19' title="bbox 759 2224 2882 2302; baseline -0.001 -15"><span class='ocrx_word' id='word_1_149' title='bbox 759 2234 914 2289; x_wconf 79' lang='grc'>1512</span> <span class='ocrx_word' id='word_1_150' title='bbox 954 2228 1030 2287; x_wconf 92' lang='grc' dir='ltr'><strong>Τ.</strong></span> <span class='ocrx_word' id='word_1_151' title='bbox 1060 2227 1317 2286; x_wconf 88' lang='lat' dir='ltr'><strong>Lucretii</strong></span> <span class='ocrx_word' id='word_1_152' title='bbox 1342 2226 1484 2286; x_wconf 86' lang='lat' dir='ltr'><strong>Cari</strong></span> <span class='ocrx_word' id='word_1_153' title='bbox 1510 2224 1588 2284; x_wconf 91' lang='lat' dir='ltr'><strong>de</strong></span> <span class='ocrx_word' id='word_1_154' title='bbox 1616 2244 1810 2285; x_wconf 82' lang='lat' dir='ltr'><strong>rerum</strong></span> <span class='ocrx_word' id='word_1_155' title='bbox 1836 2234 2049 2285; x_wconf 85' lang='lat' dir='ltr'><strong>natura</strong></span> <span class='ocrx_word' id='word_1_156' title='bbox 2072 2224 2209 2284; x_wconf 85' lang='lat' dir='ltr'><strong>libri</strong></span> <span class='ocrx_word' id='word_1_157' title='bbox 2250 2241 2350 2283; x_wconf 82' lang='lat' dir='ltr'><strong>vl.</strong></span> <span class='ocrx_word' id='word_1_158' title='bbox 2387 2228 2658 2302; x_wconf 86' lang='lat' dir='ltr'><strong>(curante</strong></span> <span class='ocrx_word' id='word_1_159' title='bbox 2704 2226 2882 2285; x_wconf 86' lang='lat' dir='ltr'><strong>Petro</strong></span> 
     </span>
     <span class='ocr_line' id='line_1_20' title="bbox 673 2320 2882 2401; baseline -0.002 -18"><span class='ocrx_word' id='word_1_160' title='bbox 673 2324 993 2397; x_wconf 85' lang='lat' dir='ltr'><strong>Candido.)</strong></span> <span class='ocrx_word' id='word_1_161' title='bbox 1061 2326 1130 2381; x_wconf 88' lang='lat' dir='ltr'><strong>Iu</strong></span> <span class='ocrx_word' id='word_1_162' title='bbox 1164 2322 1343 2382; x_wconf 69' lang='lat' dir='ltr'><strong>fine:</strong></span> <span class='ocrx_word' id='word_1_163' title='bbox 1402 2330 1420 2356; x_wconf 88' lang='lat'>‘</span> <span class='ocrx_word' id='word_1_164' title='bbox 1456 2323 1814 2399; x_wconf 82' lang='lat' dir='ltr'><strong>Impressum</strong></span> <span class='ocrx_word' id='word_1_165' title='bbox 1863 2320 2174 2382; x_wconf 58' lang='lat' dir='ltr'><strong>Florentiae</strong></span> <span class='ocrx_word' id='word_1_166' title='bbox 2227 2321 2561 2398; x_wconf 79' lang='lat' dir='ltr'><strong>sumptibus</strong></span> <span class='ocrx_word' id='word_1_167' title='bbox 2619 2322 2882 2401; x_wconf 84' lang='lat' dir='ltr'><strong>Philippi</strong></span> 
     </span>
     <span class='ocr_line' id='line_1_21' title="bbox 678 2417 2882 2495; baseline 0.001 -18"><span class='ocrx_word' id='word_1_168' title='bbox 678 2419 921 2478; x_wconf 86' lang='lat' dir='ltr'><strong>Giuntae</strong></span> <span class='ocrx_word' id='word_1_169' title='bbox 972 2418 1336 2495; x_wconf 88' lang='lat' dir='ltr'><strong>bibliopolae.</strong></span> <span class='ocrx_word' id='word_1_170' title='bbox 1394 2420 1568 2476; x_wconf 86' lang='lat' dir='ltr'><strong>Anno</strong></span> <span class='ocrx_word' id='word_1_171' title='bbox 1621 2417 1821 2477; x_wconf 84' lang='lat' dir='ltr'><strong>salutis</strong></span> <span class='ocrx_word' id='word_1_172' title='bbox 1878 2434 2121 2479; x_wconf 70' lang='grc' dir='ltr'><strong>Μυκη.</strong></span> <span class='ocrx_word' id='word_1_173' title='bbox 2176 2419 2386 2477; x_wconf 83' lang='lat' dir='ltr'><strong>Mense</strong></span> <span class='ocrx_word' id='word_1_174' title='bbox 2441 2417 2704 2477; x_wconf 86' lang='lat' dir='ltr'><strong>Martio.&#39;</strong></span> <span class='ocrx_word' id='word_1_175' title='bbox 2739 2426 2882 2479; x_wconf 85' lang='grc'><strong>8.-</strong></span> 
     </span>
     <span class='ocr_line' id='line_1_22' title="bbox 672 2511 2877 2592; baseline 0 -19"><span class='ocrx_word' id='word_1_176' title='bbox 672 2517 898 2574; x_wconf 75' lang='lat' dir='ltr'><strong>Panzer</strong></span> <span class='ocrx_word' id='word_1_177' title='bbox 922 2514 1101 2573; x_wconf 87' lang='lat' dir='ltr'><strong>Tom.</strong></span> <span class='ocrx_word' id='word_1_178' title='bbox 1130 2528 1257 2572; x_wconf 85' lang='lat' dir='ltr'><strong>vn.</strong></span> <span class='ocrx_word' id='word_1_179' title='bbox 1285 2532 1347 2590; x_wconf 86' lang='lat' dir='ltr'><strong>p.</strong></span> <span class='ocrx_word' id='word_1_180' title='bbox 1382 2519 1478 2572; x_wconf 81' lang='lat'><strong>14.</strong></span> <span class='ocrx_word' id='word_1_181' title='bbox 1520 2513 1591 2571; x_wconf 88' lang='lat' dir='ltr'><strong>In</strong></span> <span class='ocrx_word' id='word_1_182' title='bbox 1614 2511 1960 2589; x_wconf 68' lang='lat' dir='ltr'><strong>praefatione</strong></span> <span class='ocrx_word' id='word_1_183' title='bbox 1996 2512 2304 2573; x_wconf 81' lang='lat' dir='ltr'><strong>Candidus</strong></span> <span class='ocrx_word' id='word_1_184' title='bbox 2329 2512 2658 2592; x_wconf 84' lang='lat' dir='ltr'><strong>profitetur,</strong></span> <span class='ocrx_word' id='word_1_185' title='bbox 2699 2534 2766 2573; x_wconf 87' lang='lat' dir='ltr'><strong>se</strong></span> <span class='ocrx_word' id='word_1_186' title='bbox 2803 2535 2877 2573; x_wconf 84' lang='lat' dir='ltr'><strong>ex</strong></span> 
     </span>
     <span class='ocr_line' id='line_1_23' title="bbox 672 2606 2884 2685; baseline 0 -18"><span class='ocrx_word' id='word_1_187' title='bbox 672 2606 1097 2685; x_wconf 88' lang='lat' dir='ltr'><strong>Manuscriptis</strong></span> <span class='ocrx_word' id='word_1_188' title='bbox 1126 2607 1465 2667; x_wconf 87' lang='lat' dir='ltr'><strong>Lucretium</strong></span> <span class='ocrx_word' id='word_1_189' title='bbox 1496 2606 1952 2668; x_wconf 85' lang='lat' dir='ltr'><strong>emendatiorem</strong></span> <span class='ocrx_word' id='word_1_190' title='bbox 1979 2609 2138 2683; x_wconf 87' lang='lat' dir='ltr'><strong>dare,</strong></span> <span class='ocrx_word' id='word_1_191' title='bbox 2165 2608 2354 2668; x_wconf 85' lang='lat' dir='ltr'><strong>obelis</strong></span> <span class='ocrx_word' id='word_1_192' title='bbox 2382 2609 2634 2668; x_wconf 86' lang='lat' dir='ltr'><strong>Pontani</strong></span> <span class='ocrx_word' id='word_1_193' title='bbox 2655 2610 2884 2670; x_wconf 76' lang='lat' dir='ltr'><strong>Marul-</strong></span> 
     </span>
     <span class='ocr_line' id='line_1_24' title="bbox 671 2703 2879 2783; baseline 0 -20"><span class='ocrx_word' id='word_1_194' title='bbox 671 2704 831 2783; x_wconf 87' lang='lat' dir='ltr'><strong>lique</strong></span> <span class='ocrx_word' id='word_1_195' title='bbox 872 2712 1087 2763; x_wconf 87' lang='lat' dir='ltr'><strong>temere</strong></span> <span class='ocrx_word' id='word_1_196' title='bbox 1134 2703 1379 2765; x_wconf 85' lang='lat' dir='ltr'><strong>inducta</strong></span> <span class='ocrx_word' id='word_1_197' title='bbox 1420 2704 1812 2781; x_wconf 78' lang='lat' dir='ltr'><strong>expungendo</strong></span> <span class='ocrx_word' id='word_1_198' title='bbox 1861 2705 2158 2765; x_wconf 86' lang='lat' dir='ltr'><strong>adhibitis.</strong></span> <span class='ocrx_word' id='word_1_199' title='bbox 2197 2704 2443 2765; x_wconf 81' lang='lat' dir='ltr'><strong>Videtur</strong></span> <span class='ocrx_word' id='word_1_200' title='bbox 2495 2715 2696 2765; x_wconf 84' lang='lat' dir='ltr'><strong>tamen</strong></span> <span class='ocrx_word' id='word_1_201' title='bbox 2743 2705 2879 2783; x_wconf 84' lang='lat' dir='ltr'><strong>ejus</strong></span> 
     </span>
     <span class='ocr_line' id='line_1_25' title="bbox 672 2798 2876 2879; baseline 0 -20"><span class='ocrx_word' id='word_1_202' title='bbox 672 2800 853 2861; x_wconf 87' lang='lat' dir='ltr'><strong>editio</strong></span> <span class='ocrx_word' id='word_1_203' title='bbox 880 2800 958 2861; x_wconf 85' lang='lat' dir='ltr'><strong>ad</strong></span> <span class='ocrx_word' id='word_1_204' title='bbox 988 2820 1243 2861; x_wconf 86' lang='lat' dir='ltr'><strong>normam</strong></span> <span class='ocrx_word' id='word_1_205' title='bbox 1272 2799 1504 2861; x_wconf 81' lang='lat' dir='ltr'><strong>Aldinae</strong></span> <span class='ocrx_word' id='word_1_206' title='bbox 1530 2798 1742 2877; x_wconf 87' lang='lat' dir='ltr'><strong>prioris</strong></span> <span class='ocrx_word' id='word_1_207' title='bbox 1767 2798 2142 2877; x_wconf 69' lang='lat' dir='ltr'><strong>potissimum</strong></span> <span class='ocrx_word' id='word_1_208' title='bbox 2187 2801 2532 2878; x_wconf 83' lang='lat' dir='ltr'><strong>composita,</strong></span> <span class='ocrx_word' id='word_1_209' title='bbox 2574 2819 2612 2859; x_wconf 84' lang='lat' dir='ltr'><strong>a</strong></span> <span class='ocrx_word' id='word_1_210' title='bbox 2657 2819 2782 2879; x_wconf 82' lang='lat' dir='ltr'><strong>qua</strong></span> <span class='ocrx_word' id='word_1_211' title='bbox 2819 2802 2876 2859; x_wconf 88' lang='lat' dir='ltr'><strong>in</strong></span> 
     </span>
     <span class='ocr_line' id='line_1_26' title="bbox 667 2895 2306 2973; baseline -0.001 -18"><span class='ocrx_word' id='word_1_212' title='bbox 667 2896 1033 2973; x_wconf 79' lang='lat' dir='ltr'><strong>paucissimis</strong></span> <span class='ocrx_word' id='word_1_213' title='bbox 1060 2895 1303 2955; x_wconf 86' lang='lat' dir='ltr'><strong>recedit.</strong></span> <span class='ocrx_word' id='word_1_214' title='bbox 2271 2946 2306 2953; x_wconf 88' lang='lat'><strong>..</strong></span> 
     </span>
    </p>

    <p class='ocr_par' dir='ltr' id='par_1_8' title="bbox 666 2990 2879 3739">
     <span class='ocr_line' id='line_1_27' title="bbox 760 2990 2878 3068; baseline 0.001 -19"><span class='ocrx_word' id='word_1_215' title='bbox 760 2994 915 3052; x_wconf 82' lang='lat'><strong>1514</strong></span> <span class='ocrx_word' id='word_1_216' title='bbox 956 2994 1025 3051; x_wconf 87' lang='lat' dir='ltr'><strong>In</strong></span> <span class='ocrx_word' id='word_1_217' title='bbox 1053 2993 1270 3051; x_wconf 85' lang='lat' dir='ltr'><strong>earum</strong></span> <span class='ocrx_word' id='word_1_218' title='bbox 1311 2990 1650 3051; x_wconf 86' lang='lat' dir='ltr'><strong>Lucretium</strong></span> <span class='ocrx_word' id='word_1_219' title='bbox 1679 2990 1918 3068; x_wconf 64' lang='lat' dir='ltr'><strong>poetam</strong></span> <span class='ocrx_word' id='word_1_220' title='bbox 1949 2991 2366 3052; x_wconf 70' lang='lat' dir='ltr'><strong>Conmentarii</strong></span> <span class='ocrx_word' id='word_1_221' title='bbox 2389 3010 2426 3050; x_wconf 88' lang='lat' dir='ltr'><strong>a</strong></span> <span class='ocrx_word' id='word_1_222' title='bbox 2460 2994 2560 3052; x_wconf 88' lang='lat' dir='ltr'><strong>Jo.</strong></span> <span class='ocrx_word' id='word_1_223' title='bbox 2601 2991 2878 3068; x_wconf 80' lang='lat' dir='ltr'><strong>Baptista</strong></span> 
     </span>
     <span class='ocr_line' id='line_1_28' title="bbox 669 3085 2876 3165; baseline -0.001 -18"><span class='ocrx_word' id='word_1_224' title='bbox 669 3089 779 3148; x_wconf 90' lang='lat' dir='ltr'><strong>Pio</strong></span> <span class='ocrx_word' id='word_1_225' title='bbox 806 3088 984 3149; x_wconf 87' lang='lat' dir='ltr'><strong>editi:</strong></span> <span class='ocrx_word' id='word_1_226' title='bbox 1034 3085 1257 3146; x_wconf 88' lang='lat' dir='ltr'><strong>Codice</strong></span> <span class='ocrx_word' id='word_1_227' title='bbox 1284 3086 1640 3146; x_wconf 87' lang='lat' dir='ltr'><strong>Lucretiano</strong></span> <span class='ocrx_word' id='word_1_228' title='bbox 1667 3085 1974 3165; x_wconf 86' lang='lat' dir='ltr'><strong>diligenter</strong></span> <span class='ocrx_word' id='word_1_229' title='bbox 1999 3086 2343 3147; x_wconf 64' lang='lat' dir='ltr'><strong>emendator</strong></span> <span class='ocrx_word' id='word_1_230' title='bbox 2389 3087 2562 3146; x_wconf 86' lang='lat' dir='ltr'><strong>nodis</strong></span> <span class='ocrx_word' id='word_1_231' title='bbox 2595 3088 2876 3147; x_wconf 88' lang='lat' dir='ltr'><strong>omnibus</strong></span> 
     </span>
     <span class='ocr_line' id='line_1_29' title="bbox 667 3181 2879 3258; baseline 0 -15"><span class='ocrx_word' id='word_1_232' title='bbox 667 3195 729 3244; x_wconf 88' lang='lat' dir='ltr'><strong>et</strong></span> <span class='ocrx_word' id='word_1_233' title='bbox 753 3182 1199 3243; x_wconf 88' lang='lat' dir='ltr'><strong>difficultatibus</strong></span> <span class='ocrx_word' id='word_1_234' title='bbox 1228 3182 1444 3258; x_wconf 84' lang='lat' dir='ltr'><strong>apertis</strong></span> <span class='ocrx_word' id='word_1_235' title='bbox 1469 3202 1485 3243; x_wconf 76' lang='lat' dir='ltr'>z</span> <span class='ocrx_word' id='word_1_236' title='bbox 1512 3181 1709 3242; x_wconf 84' lang='lat' dir='ltr'><strong>obiter</strong></span> <span class='ocrx_word' id='word_1_237' title='bbox 1735 3202 1810 3240; x_wconf 80' lang='lat' dir='ltr'><strong>ex</strong></span> <span class='ocrx_word' id='word_1_238' title='bbox 1835 3181 2078 3241; x_wconf 88' lang='lat' dir='ltr'><strong>diversis</strong></span> <span class='ocrx_word' id='word_1_239' title='bbox 2105 3183 2441 3243; x_wconf 88' lang='lat' dir='ltr'><strong>auctoribus</strong></span> <span class='ocrx_word' id='word_1_240' title='bbox 2462 3193 2588 3243; x_wconf 87' lang='lat' dir='ltr'><strong>tum</strong></span> <span class='ocrx_word' id='word_1_241' title='bbox 2623 3186 2879 3254; x_wconf 68' lang='lat' dir='ltr'><strong>Graecis,</strong></span> 
     </span>
     <span class='ocr_line' id='line_1_30' title="bbox 670 3276 2878 3357; baseline -0 -17"><span class='ocrx_word' id='word_1_242' title='bbox 670 3289 795 3341; x_wconf 88' lang='lat' dir='ltr'><strong>tum</strong></span> <span class='ocrx_word' id='word_1_243' title='bbox 826 3279 1047 3339; x_wconf 82' lang='lat' dir='ltr'><strong>Latinis</strong></span> <span class='ocrx_word' id='word_1_244' title='bbox 1075 3277 1257 3337; x_wconf 85' lang='lat' dir='ltr'><strong>multa</strong></span> <span class='ocrx_word' id='word_1_245' title='bbox 1299 3276 1459 3357; x_wconf 88' lang='lat' dir='ltr'><strong>leges</strong></span> <span class='ocrx_word' id='word_1_246' title='bbox 1496 3277 1846 3337; x_wconf 78' lang='lat' dir='ltr'><strong>enucleata:</strong></span> <span class='ocrx_word' id='word_1_247' title='bbox 1893 3296 2026 3353; x_wconf 81' lang='lat' dir='ltr'><strong>quae</strong></span> <span class='ocrx_word' id='word_1_248' title='bbox 2063 3277 2330 3355; x_wconf 85' lang='lat' dir='ltr'><strong>superior</strong></span> <span class='ocrx_word' id='word_1_249' title='bbox 2358 3287 2503 3339; x_wconf 79' lang='lat' dir='ltr'><strong>aetas</strong></span> <span class='ocrx_word' id='word_1_250' title='bbox 2529 3288 2638 3337; x_wconf 82' lang='lat' dir='ltr'><strong>aut</strong></span> <span class='ocrx_word' id='word_1_251' title='bbox 2665 3283 2878 3347; x_wconf 81' lang='lat' dir='ltr'><strong>tacuit,</strong></span> 
     </span>
     <span class='ocr_line' id='line_1_31' title="bbox 668 3371 2876 3454; baseline 0 -18"><span class='ocrx_word' id='word_1_252' title='bbox 668 3386 770 3436; x_wconf 88' lang='lat' dir='ltr'><strong>aut</strong></span> <span class='ocrx_word' id='word_1_253' title='bbox 818 3374 1132 3454; x_wconf 82' lang='lat' dir='ltr'><strong>ignoravit.</strong></span> <span class='ocrx_word' id='word_1_254' title='bbox 1223 3373 1503 3453; x_wconf 84' lang='lat' dir='ltr'><strong>Perlege:</strong></span> <span class='ocrx_word' id='word_1_255' title='bbox 1556 3372 1885 3433; x_wconf 72' lang='lat' dir='ltr'><strong>laetaberis:</strong></span> <span class='ocrx_word' id='word_1_256' title='bbox 1928 3371 2192 3435; x_wconf 79' lang='lat' dir='ltr'><strong>Additus</strong></span> <span class='ocrx_word' id='word_1_257' title='bbox 2221 3381 2316 3432; x_wconf 84' lang='lat' dir='ltr'><strong>est</strong></span> <span class='ocrx_word' id='word_1_258' title='bbox 2341 3374 2516 3434; x_wconf 82' lang='lat' dir='ltr'><strong>index</strong></span> <span class='ocrx_word' id='word_1_259' title='bbox 2555 3374 2876 3439; x_wconf 81' lang='lat' dir='ltr'><strong>literatius.</strong></span> 
     </span>
     <span class='ocr_line' id='line_1_32' title="bbox 669 3468 2876 3533; baseline 0.001 -3"><span class='ocrx_word' id='word_1_260' title='bbox 669 3472 1095 3531; x_wconf 76' lang='lat' dir='ltr'><strong>venundantur</strong></span> <span class='ocrx_word' id='word_1_261' title='bbox 1121 3470 1200 3531; x_wconf 89' lang='lat' dir='ltr'><strong>ab</strong></span> <span class='ocrx_word' id='word_1_262' title='bbox 1227 3469 1517 3530; x_wconf 83' lang='lat' dir='ltr'><strong>Ascensio</strong></span> <span class='ocrx_word' id='word_1_263' title='bbox 1543 3483 1604 3529; x_wconf 86' lang='lat' dir='ltr'><strong>et</strong></span> <span class='ocrx_word' id='word_1_264' title='bbox 1628 3472 1858 3532; x_wconf 87' lang='lat' dir='ltr'><strong>Joanne</strong></span> <span class='ocrx_word' id='word_1_265' title='bbox 1891 3470 2095 3528; x_wconf 85' lang='lat' dir='ltr'><strong>Parvo.</strong></span> <span class='ocrx_word' id='word_1_266' title='bbox 2139 3470 2209 3529; x_wconf 87' lang='lat' dir='ltr'><strong>In</strong></span> <span class='ocrx_word' id='word_1_267' title='bbox 2250 3468 2402 3531; x_wconf 81' lang='lat' dir='ltr'><strong>fine:</strong></span> <span class='ocrx_word' id='word_1_268' title='bbox 2445 3478 2463 3505; x_wconf 87' lang='lat'>‘</span> <span class='ocrx_word' id='word_1_269' title='bbox 2487 3472 2558 3529; x_wconf 89' lang='lat' dir='ltr'><strong>In</strong></span> <span class='ocrx_word' id='word_1_270' title='bbox 2607 3472 2876 3533; x_wconf 77' lang='lat' dir='ltr'><strong>Chalco-</strong></span> 
     </span>
     <span class='ocr_line' id='line_1_33' title="bbox 666 3564 2878 3643; baseline 0.003 -20"><span class='ocrx_word' id='word_1_271' title='bbox 666 3565 912 3643; x_wconf 78' lang='lat' dir='ltr'><strong>graphia</strong></span> <span class='ocrx_word' id='word_1_272' title='bbox 954 3567 1316 3625; x_wconf 79' lang='lat' dir='ltr'><strong>Ascensiana</strong></span> <span class='ocrx_word' id='word_1_273' title='bbox 1361 3564 1440 3625; x_wconf 89' lang='lat' dir='ltr'><strong>ad</strong></span> <span class='ocrx_word' id='word_1_274' title='bbox 1486 3582 1580 3624; x_wconf 80' lang='lat' dir='ltr'><strong>lv.</strong></span> <span class='ocrx_word' id='word_1_275' title='bbox 1626 3565 1768 3625; x_wconf 86' lang='lat' dir='ltr'><strong>Idus</strong></span> <span class='ocrx_word' id='word_1_276' title='bbox 1800 3564 2058 3642; x_wconf 89' lang='lat' dir='ltr'><strong>Augusti</strong></span> <span class='ocrx_word' id='word_1_277' title='bbox 2089 3582 2394 3627; x_wconf 69' lang='lat' dir='ltr'><strong>unxnn.</strong></span> <span class='ocrx_word' id='word_1_278' title='bbox 2435 3568 2878 3629; x_wconf 75' lang='lat' dir='ltr'><strong>Fol.-Panter</strong></span> 
     </span>
     <span class='ocr_line' id='line_1_34' title="bbox 666 3660 2420 3739; baseline 0.003 -22"><span class='ocrx_word' id='word_1_279' title='bbox 666 3660 843 3719; x_wconf 81' lang='lat' dir='ltr'><strong>Tom.</strong></span> <span class='ocrx_word' id='word_1_280' title='bbox 873 3676 1030 3719; x_wconf 80' lang='lat' dir='ltr'><strong>vlu.</strong></span> <span class='ocrx_word' id='word_1_281' title='bbox 1058 3680 1196 3739; x_wconf 87' lang='lat' dir='ltr'><strong>pag.</strong></span> <span class='ocrx_word' id='word_1_282' title='bbox 1230 3669 1323 3722; x_wconf 73' lang='lat'><strong>12.</strong></span> <span class='ocrx_word' id='word_1_283' title='bbox 1372 3662 1669 3738; x_wconf 85' lang='lat' dir='ltr'><strong>Repetitio</strong></span> <span class='ocrx_word' id='word_1_284' title='bbox 1695 3661 1795 3723; x_wconf 89' lang='lat' dir='ltr'><strong>ed.</strong></span> <span class='ocrx_word' id='word_1_285' title='bbox 1826 3662 2210 3722; x_wconf 82' lang='lat' dir='ltr'><strong>Bononiensis</strong></span> <span class='ocrx_word' id='word_1_286' title='bbox 2243 3669 2420 3724; x_wconf 83' lang='grc'>1511.</span> 
     </span>
    </p>

    <p class='ocr_par' dir='ltr' id='par_1_9' title="bbox 664 3754 2874 4223">
     <span class='ocr_line' id='line_1_35' title="bbox 756 3754 2874 3838; baseline 0.004 -27"><span class='ocrx_word' id='word_1_287' title='bbox 756 3762 909 3814; x_wconf 83' lang='grc'>1515</span> <span class='ocrx_word' id='word_1_288' title='bbox 956 3754 1168 3815; x_wconf 84' lang='lat' dir='ltr'><strong>Aldina</strong></span> <span class='ocrx_word' id='word_1_289' title='bbox 1198 3772 1277 3816; x_wconf 89' lang='lat'><strong>11.</strong></span> <span class='ocrx_word' id='word_1_290' title='bbox 1324 3776 1395 3814; x_wconf 84' lang='lat' dir='ltr'><strong>ex</strong></span> <span class='ocrx_word' id='word_1_291' title='bbox 1424 3759 1764 3818; x_wconf 85' lang='lat' dir='ltr'><strong>recensione</strong></span> <span class='ocrx_word' id='word_1_292' title='bbox 1800 3758 1988 3817; x_wconf 86' lang='lat' dir='ltr'><strong>Andr.</strong></span> <span class='ocrx_word' id='word_1_293' title='bbox 2034 3758 2336 3838; x_wconf 85' lang='lat' dir='ltr'><strong>Naugerii.</strong></span> <span class='ocrx_word' id='word_1_294' title='bbox 2375 3759 2709 3820; x_wconf 88' lang='lat' dir='ltr'><strong>Lucretius.</strong></span> <span class='ocrx_word' id='word_1_295' title='bbox 2753 3762 2874 3819; x_wconf 85' lang='lat' dir='ltr'><strong>Ve-</strong></span> 
     </span>
     <span class='ocr_line' id='line_1_36' title="bbox 666 3849 2873 3926; baseline 0.003 -17"><span class='ocrx_word' id='word_1_296' title='bbox 666 3851 864 3920; x_wconf 84' lang='lat' dir='ltr'><strong>netiis,</strong></span> <span class='ocrx_word' id='word_1_297' title='bbox 904 3849 965 3908; x_wconf 88' lang='lat' dir='ltr'><strong>in</strong></span> <span class='ocrx_word' id='word_1_298' title='bbox 1001 3851 1228 3911; x_wconf 81' lang='lat' dir='ltr'><strong>aedibus</strong></span> <span class='ocrx_word' id='word_1_299' title='bbox 1270 3852 1411 3911; x_wconf 81' lang='lat' dir='ltr'><strong>Aldi</strong></span> <span class='ocrx_word' id='word_1_300' title='bbox 1450 3861 1511 3912; x_wconf 86' lang='lat' dir='ltr'><strong>et</strong></span> <span class='ocrx_word' id='word_1_301' title='bbox 1554 3853 1815 3913; x_wconf 82' lang='lat' dir='ltr'><strong>Andreae</strong></span> <span class='ocrx_word' id='word_1_302' title='bbox 1861 3854 2078 3926; x_wconf 87' lang='lat' dir='ltr'><strong>Soceri,</strong></span> <span class='ocrx_word' id='word_1_303' title='bbox 2124 3856 2335 3913; x_wconf 86' lang='lat' dir='ltr'><strong>Mense</strong></span> <span class='ocrx_word' id='word_1_304' title='bbox 2374 3856 2677 3914; x_wconf 82' lang='lat' dir='ltr'><strong>Januario.</strong></span> <span class='ocrx_word' id='word_1_305' title='bbox 2723 3865 2873 3917; x_wconf 87' lang='grc'><strong>8.-</strong></span> 
     </span>
     <span class='ocr_line' id='line_1_37' title="bbox 666 3947 2873 4027; baseline 0.003 -22"><span class='ocrx_word' id='word_1_306' title='bbox 666 3947 980 4007; x_wconf 86' lang='lat' dir='ltr'><strong>Renouard</strong></span> <span class='ocrx_word' id='word_1_307' title='bbox 1008 3947 1051 4007; x_wconf 85' lang='lat' dir='ltr'><strong>l.</strong></span> <span class='ocrx_word' id='word_1_308' title='bbox 1080 3968 1137 4008; x_wconf 90' lang='lat' dir='ltr'><strong>c.</strong></span> <span class='ocrx_word' id='word_1_309' title='bbox 1166 3966 1305 4027; x_wconf 82' lang='lat' dir='ltr'><strong>pag.</strong></span> <span class='ocrx_word' id='word_1_310' title='bbox 1340 3949 1476 4009; x_wconf 89' lang='lat'><strong>116.</strong></span> <span class='ocrx_word' id='word_1_311' title='bbox 1521 3952 1616 4009; x_wconf 89' lang='lat' dir='ltr'><strong>De</strong></span> <span class='ocrx_word' id='word_1_312' title='bbox 1645 3969 1802 4010; x_wconf 84' lang='lat' dir='ltr'><strong>nova</strong></span> <span class='ocrx_word' id='word_1_313' title='bbox 1839 3950 1954 4009; x_wconf 84' lang='lat' dir='ltr'><strong>hac</strong></span> <span class='ocrx_word' id='word_1_314' title='bbox 2002 3950 2278 4011; x_wconf 82' lang='lat' dir='ltr'><strong>editione·</strong></span> <span class='ocrx_word' id='word_1_315' title='bbox 2299 3950 2604 4011; x_wconf 81' lang='lat' dir='ltr'><strong>audiamus</strong></span> <span class='ocrx_word' id='word_1_316' title='bbox 2645 3952 2873 4011; x_wconf 82' lang='lat' dir='ltr'><strong>Aldum</strong></span> 
     </span>
     <span class='ocr_line' id='line_1_38' title="bbox 664 4042 2870 4124; baseline 0.003 -23"><span class='ocrx_word' id='word_1_317' title='bbox 664 4042 859 4117; x_wconf 84' lang='lat' dir='ltr'><strong>ipsum</strong></span> <span class='ocrx_word' id='word_1_318' title='bbox 890 4042 1271 4123; x_wconf 84' lang='lat' dir='ltr'><strong>praefantem:</strong></span> <span class='ocrx_word' id='word_1_319' title='bbox 1320 4052 1337 4077; x_wconf 89' lang='lat'>‘</span> <span class='ocrx_word' id='word_1_320' title='bbox 1362 4046 1537 4115; x_wconf 86' lang='lat' dir='ltr'><strong>Quod</strong></span> <span class='ocrx_word' id='word_1_321' title='bbox 1578 4054 1774 4105; x_wconf 83' lang='lat' dir='ltr'><strong>antem</strong></span> <span class='ocrx_word' id='word_1_322' title='bbox 1811 4046 1984 4124; x_wconf 88' lang='lat' dir='ltr'><strong>longe</strong></span> <span class='ocrx_word' id='word_1_323' title='bbox 2023 4046 2342 4105; x_wconf 85' lang='lat' dir='ltr'><strong>correctior</strong></span> <span class='ocrx_word' id='word_1_324' title='bbox 2379 4046 2669 4106; x_wconf 77' lang='lat' dir='ltr'><strong>emittitur</strong></span> <span class='ocrx_word' id='word_1_325' title='bbox 2705 4066 2870 4107; x_wconf 83' lang='lat' dir='ltr'><strong>nunc</strong></span> 
     </span>
     <span class='ocr_line' id='line_1_39' title="bbox 667 4137 2870 4223; baseline 0.003 -27"><span class='ocrx_word' id='word_1_326' title='bbox 667 4137 969 4199; x_wconf 85' lang='lat' dir='ltr'><strong>Lucretius</strong></span> <span class='ocrx_word' id='word_1_327' title='bbox 996 4161 1069 4201; x_wconf 82' lang='lat' dir='ltr'><strong>ex</strong></span> <span class='ocrx_word' id='word_1_328' title='bbox 1098 4141 1324 4202; x_wconf 78' lang='lat' dir='ltr'><strong>aedibus</strong></span> <span class='ocrx_word' id='word_1_329' title='bbox 1351 4142 1586 4213; x_wconf 81' lang='lat' dir='ltr'><strong>nostris,</strong></span> <span class='ocrx_word' id='word_1_330' title='bbox 1615 4162 1793 4219; x_wconf 86' lang='lat' dir='ltr'><strong>quam</strong></span> <span class='ocrx_word' id='word_1_331' title='bbox 1821 4143 2224 4211; x_wconf 69' lang='lat' dir='ltr'><strong>consueverit:</strong></span> <span class='ocrx_word' id='word_1_332' title='bbox 2253 4143 2528 4205; x_wconf 83' lang='lat' dir='ltr'><strong>habenda</strong></span> <span class='ocrx_word' id='word_1_333' title='bbox 2559 4152 2650 4203; x_wconf 86' lang='lat' dir='ltr'><strong>est</strong></span> <span class='ocrx_word' id='word_1_334' title='bbox 2688 4144 2870 4223; x_wconf 78' lang='lat' dir='ltr'><strong>potis-</strong></span> 
     </span>
    </p>
   </div>
  </div>
 </body>
</html>
