3200 4959
634 415 807 484 1532

630 572 775 636 ignes
808 573 897 638 qui
932 572 1149 637 fuciunt,
1184 577 1265 626 vel
1287 577 1582 630 >accendunt
1605 595 1687 631 so·-

628 649 749 700 lem.
786 650 979 701 Creech.

692 723 965 788 Tabescere]
996 726 1183 779 Minui.
1226 731 1435 780 tralatio
1471 739 1569 783 est.
1611 733 1687 784 sic

628 803 679 848 2.
704 803 849 850 1171.
879 801 895 828 ‘
922 802 1037 851 Nec
1067 810 1233 866 tenet,
1272 807 1445 856 omnia
1486 811 1690 873 paulla-

628 876 723 926 tim
746 876 1050 940 tabesceress
1070 883 1169 933 &m
1203 882 1366 933 Lamo.

689 953 789 1001 680
825 955 943 1002 Cum
962 961 1150 1004 morant
1168 958 1417 1021 aug-mina]
1441 958 1570 1008 Cum
1595 975 1683 1010 au·

625 1035 856 1091 gescant.
876 1029 951 1080 sic
971 1031 1172 1080 locutus
1193 1040 1275 1082 eat
1295 1037 1345 1082 2.
1374 1038 1485 1084 188.
1522 1037 1538 1063 ‘
1559 1036 1684 1085 Sur-

624 1115 712 1152 sus
754 1103 891 1152 enim
928 1119 1103 1154 versus
1136 1105 1431 1170 gignuntur,
1466 1116 1521 1158 et
1559 1125 1682 1174 aug-

618 1178 761 1226 mina
780 1179 1019 1229 sumunt!
1086 1181 1236 1232 Quod
1261 1190 1435 1233 nutem
1470 1185 1680 1249 quidam

621 1253 718 1302 hoc
741 1254 922 1304 ordine
945 1256 1080 1306 liuuc
1106 1271 1303 1308 versum
1339 1261 1441 1322 legi
1475 1263 1679 1325 volunt,

619 1344 725 1380 eum
738 1335 895 1380 noctes
904 1333 1129 1393 aug-mina
1144 1340 1351 1396 sumant,
1366 1335 1608 1386 incidunt
1626 1337 1678 1386 in

618 1407 885 1470 κακόφατον
894 1417 950 1458 et
966 1407 1301 1473 αἰσχρολογίαν
1318 1428 1423 1463 cum
1438 1429 1517 1465 no.
1536 1416 1676 1480 quod

620 1481 889 1532 vitandum
930 1493 1109 1535 censet
1163 1487 1348 1538 Cicero
1412 1489 1465 1538 in
1523 1491 1675 1541 Orat.

617 1553 781 1604 Lumo.
847 1557 969 1606 Cum
1008 1563 1165 1608 noctes
1200 1562 1423 1620 augmina
1466 1571 1676 1615 umam.

616 1629 705 1678 Ita
727 1636 832 1680 vet.
856 1632 1079 1696 qnidam.
1144 1636 1446 1698 Elegantior
1468 1641 1676 1702 Eupho-

615 1702 719 1764 nia,
741 1717 892 1768 quam
917 1708 1055 1770 vulg.
1084 1724 1189 1758 oum
1224 1718 1411 1763 mmm
1446 1715 1675 1776 augmina

610 1777 781 1826 noctis.
814 1778 989 1830 Gifan.

674 1857 773 1902 682
820 1853 1089 1918 Impar-ibus
1122 1873 1317 1910 currens
1350 1863 1672 1932 adflatibus]

611 1929 755 1978 Dum
798 1928 1069 1995 impariter
1110 1943 1165 1984 et
1208 1936 1533 2002 inaequaliter
1570 1944 1672 1994 cir-

610 2005 920 2068 cumagitur.
938 2008 1036 2058 hnc
1059 2009 1127 2059 de
1152 2024 1207 2060 re
1228 2013 1305 2061 sic
1328 2014 1505 2066 Ln'e‘rt.
1528 2017 1671 2078 Μήκη

608 2083 787 2131 νυκτῶν
821 2082 899 2132 καὶ
937 2083 1116 2148 ἡμερῶν
1150 2087 1551 2150 παραλλάττοντα
1588 2096 1670 2144 καὶ

605 2158 731 2220 παρὰ
751 2160 943 2219 ταχείας
962 2159 1097 2219 ἡλίου
1123 2161 1324 2220 κινήσεις
1341 2164 1569 2229 γίνεσθαι,
1590 2163 1670 2219 καὶ

604 2230 747 2280 πάλιν
765 2235 889 2296 παρὰ
908 2235 1140 2298 βραδείας,
1162 2237 1278 2300 ὑπὲρ
1288 2241 1399 2304 γῆν,
1416 2242 1449 2292 ἰ.
1462 2259 1510 2293 e.
1528 2246 1666 2295 dice·

606 2307 698 2356 but
736 2309 1007 2372 Epicurus,
1050 2315 1065 2340 ‘
1090 2313 1335 2364 Noctium
1372 2324 1428 2366 et
1464 2318 1666 2371 dierum

601 2385 951 2446 longitudines
980 2401 1046 2435 ex
1082 2389 1359 2452 celeribus,
1392 2400 1449 2440 et
1482 2403 1666 2447 eontra

604 2473 669 2506 ex
711 2459 870 2507 tardis
904 2461 1021 2509 solis
1044 2461 1269 2512 motibus
1290 2480 1447 2528 supra
1466 2474 1661 2522 terrum

603 2533 757 2583 fieri.’
788 2534 954 2585 Lamb.

664 2608 1013 2673 Arati-actibus]
1036 2613 1287 2664 Cursibus
1308 2624 1365 2666 et
1386 2617 1660 2672 itineribus

598 2682 861 2734 flexuosis.
929 2688 1105 2738 Caesar
1148 2690 1237 2739 lib.
1280 2695 1330 2740 7.
1372 2693 1439 2742 de
1484 2695 1547 2745 Β.
1590 2697 1660 2748 G.

598 2760 796 2824 Oppidi
822 2777 997 2812 murus
1019 2777 1049 2812 a
1073 2766 1306 2829 planitie,
1324 2775 1485 2833 atque
1510 2773 1658 2824 initio

596 2838 892 2900 adscensus,
938 2846 1078 2888 recta
1119 2841 1328 2905 regione
1370 2844 1440 2908 (si
1486 2849 1656 2899 nullus

594 2911 877 2962 anfractus
900 2915 1280 2981 intercederet)
1302 2932 1407 2970 cm.
1432 2935 1515 2972 cc.
1538 2939 1655 2988 pns-

600 3001 683 3036 sns
705 2988 902 3038 aberat.
936 2989 1105 3038 Lamo.

656 3066 755 3112 686
768 3063 1007 3114 Donicum
1020 3069 1083 3116 ad
1097 3067 1151 3116 id
1164 3068 1379 3133 signum]
1400 3072 1487 3122 Ita
1504 3075 1654 3124 Lam·

594 3136 759 3188 binus.
823 3139 887 3188 In
921 3140 1066 3190 aliis:
1100 3143 1284 3195 Donec.
1322 3146 1504 3198 Gifan.
1569 3153 1652 3202 Aa

586 3213 640 3264 ia
658 3215 866 3278 sig-num,
888 3218 953 3266 ad
976 3215 1231 3284 ἰσημερίαν,
1252 3221 1287 3272 i.
1312 3237 1359 3272 e.
1376 3223 1461 3289 (ut
1476 3226 1648 3278 Latini

586 3289 877 3354 appellant)
911 3299 923 3320 ⁸
946 3293 1353 3355 aequinoctium.'
1382 3299 1553 3354 hmo.

648 3366 781 3416 Anas·
804 3367 995 3429 Nudus]
1020 3372 1187 3420 Nudus
1208 3377 1323 3426 anni
1338 3378 1474 3428 dixit
1490 3387 1676 3433 trans·-

585 3439 691 3488 lute
724 3454 818 3502 pro
840 3455 903 3492 eo
926 3443 1048 3492 solis
1084 3446 1299 3510 circulo,
1337 3455 1425 3516 qui
1462 3459 1648 3509 caelum

583 3518 808 3568 medium
830 3521 978 3584 quasi
1002 3523 1209 3586 cingulo
1247 3528 1427 3592 cingit,
1462 3547 1525 3581 nc
1548 3537 1647 3584 cir-

1323 437 1539 486 N‘o'rAE
1588 437 1986 490 VAmonmu
2040 443 2119 490 IN

1764 573 1846 631 ter
1867 584 2157 648 aquilonem
2179 589 2234 636 et
2252 593 2514 650 austrum3
2537 605 2630 642 seu
2655 595 2830 646 solsti—

1762 658 1888 707 tium
1912 668 1966 709 et
1988 661 2236 712 brumam.
2259 679 2360 712 vox
2392 667 2408 694 ⁴
2427 664 2611 717 flatus'
2648 680 2828 722 autem

1759 734 1920 796 patrii
1942 750 2092 784 casus
2115 747 2213 788 est.
2249 739 2412 789 Lumb-

1821 812 1920 858 689
1955 812 2155 874 Caelum]
2201 813 2472 864 “Caelum’
2503 820 2726 884 accipio,
2763 830 2829 874 ut·

1757 883 1826 932 sit
1865 887 1996 935 recti
2047 901 2217 949 casus,
2271 891 2471 940 numeri
2527 893 2824 957 singularis.

1757 960 1893 1011 Haec
1915 954 2240 1026 quantumvis
2261 966 2389 1018 licet
2423 970 2576 1031 levia,
2615 977 2824 1025 notavit

1757 1035 1936 1087 Zoilus
1971 1046 2028 1088 ut
2067 1055 2176 1090 sua.
2207 1042 2374 1093 Lamo.
2443 1047 2459 1073 ‘
2479 1046 2706 1098 Coelum’
2737 1058 2824 1101 est

1755 1114 1888 1162 recti
1909 1128 2057 1164 casus
2078 1133 2095 1177 ;
2126 1118 2143 1145 ‘
2161 1116 2352 1182 flatus,’
2375 1121 2547 1184 patrii.
2585 1125 2754 1186 Gtsfan.

1817 1191 2002 1254 Metus]
2031 1194 2332 1259 solstitium,
2357 1207 2412 1246 et
2435 1199 2696 1252 brumamz
2723 1219 2818 1254 seu
2841 1212 2856 1226 ⁴

1751 1265 2000 1316 circulum
2024 1270 2232 1332 Cancri,
2269 1281 2324 1320 et
2359 1273 2606 1324 circulum
2632 1278 2821 1342 Capri·

1750 1343 1914 1391 corni.
1948 1347 2242 1396 suut‘enim
2267 1350 2426 1398 veluti
2465 1361 2619 1402 metae
2654 1357 2817 1416 solis3

1751 1417 1815 1467 ad
1839 1432 1966 1482 quas
1996 1435 2112 1469 cum
2149 1425 2408 1488 pervenit,
2443 1426 2546 1475 iter
2579 1443 2816 1482 cursum-

1750 1507 1852 1558 que
1875 1509 2021 1544 sunm
2044 1496 2230 1549 flectit.
2264 1500 2432 1550 Lamb.

1811 1574 1911 1619 690
1943 1572 2152 1636 Propter
2187 1574 2424 1637 Signiferi
2458 1581 2720 1640 posituram
2742 1589 2816 1634 to·

1747 1643 1870 1708 tius]
1926 1647 2154 1710 Propter
2201 1653 2356 1702 situm
2412 1654 2627 1707 Zodiuci
2681 1659 2814 1708 obli·

1746 1734 1920 1784 quum.
1959 1725 2037 1773 M.
2057 1725 2190 1777 Tull.
2223 1727 2290 1776 de
2313 1729 2436 1780 Div.
2462 1732 2549 1780 lib.
2573 1738 2623 1782 2.
2655 1735 2674 1763 ⁶
2691 1737 2808 1785 Vim

1746 1799 2000 1860 quandam
2025 1813 2140 1849 esse
2165 1802 2309 1852 aiunt
2328 1805 2578 1868 signifero
2597 1810 2646 1858 iu
2666 1811 2813 1877 orbe,

1747 1872 1834 1936 qui
1857 1873 2046 1924 Graece
2068 1874 2291 1938 ζωδιακὸς
2311 1881 2534 1932 dicitur!
2567 1885 2739 1936 Lamo.

1757 1983 1762 1987 .
1807 1950 1902 1996 691
1942 1951 2226 2016 Contudit]
2259 1955 2514 2020 Conterit,
2533 1963 2812 2028 consumit,

1745 2029 1804 2072 ut
1826 2039 1943 2087 sup.
1967 2031 2083 2077 618.
2120 2030 2136 2057 ‘
2152 2029 2342 2081 Annua
2365 2035 2440 2082 sol
2476 2035 2530 2084 in
2555 2051 2656 2101 quo
2679 2054 2803 2090 con-

1743 2099 1900 2148 sumit
1917 2107 2154 2165 tempora
2175 2107 2361 2156 cursu?
2393 2108 2561 2159 Lamb.

1751 2195 1756 2200 ·
1805 2179 1904 2224 ⁶93
1917 2178 2120 2242 Eorum]
2134 2179 2544 2247 Astrologorum,
2557 2193 2803 2240 eteorum

1742 2252 1828 2315 qui
1849 2254 2167 2316 scripserunt
2193 2259 2538 2320 phaenomena.
2574 2264 2745 2314 Lamo.

1805 2327 1906 2383 Qui
1925 2330 2024 2378 loca
2041 2332 2168 2394 ooeli]
2207 2333 2518 2388 Astro-nomi.
2560 2340 2729 2390 Faber.

1801 2407 1897 2452 695
1941 2407 2202 2469 Propterea
2231 2411 2326 2474 fit]
2378 2414 2532 2464 Hunc
2578 2431 2804 2479 versum,

1737 2486 1946 2527 secutus
1991 2482 2185 2546 aliquot
2231 2487 2350 2535 cod.
2395 2503 2655 2541 manuscr.
2697 2493 2796 2542 hoc

1735 2552 1850 2602 loco
1878 2557 2064 2618 posui:
2101 2559 2190 2623 qui
2225 2570 2396 2612 tamen
2419 2580 2537 2614 mox
2557 2569 2797 2620 iteratur.

1733 2629 1902 2680 Lamb.

1730 2707 1900 2831 Lam?
1937 2710 2052 2774 quia
2085 2713 2289 2764 οναοεὶω·
2325 2717 2422 2781 est]
2480 2719 2602 2770 Alia
2638 2723 2795 2772 ratio.

1807 2797 1852 2830 m
1885 2819 1898 2832 .

2021 2970 2034 2986 .
2103 2942 2334 2994 Haesitot.
2400 2947 2616 2998 Tardius
2650 2965 2708 2999 se
2731 2963 2792 3002 se

1728 3013 1970 3073 expedit:
2013 3017 2170 3066 miror
2207 3019 2382 3085 itaque
2426 3023 2596 3074 dicere
2635 3025 2792 3075 Gifa-

1727 3088 1888 3150 nium,
1921 3089 2222 3144 ‘haesitare'
2271 3099 2400 3148 sumi
2443 3115 2534 3162 pro
2571 3103 2770 3154 micare

1727 3164 1975 3214 motitari.
2046 3168 2180 3220 Haec
2217 3179 2390 3222 tamen
2414 3176 2566 3240 vulgo
2599 3179 2788 3228 miran-

1727 3243 1828 3287 tur.
1910 3241 2322 3306 Explicationem
2363 3258 2506 3300 certe
2550 3262 2783 3304 nostram

1725 3314 2018 3377 planissime
2041 3324 2224 3370 veram
2251 3339 2371 3374 esse
2406 3329 2634 3378 ostendit
2667 3346 2784 3379 ver-

1723 3405 1807 3439 sus
1847 3395 1934 3457 qui
1973 3396 2108 3447 liun‘c
2148 3402 2402 3467 sequitur,
2431 3405 2585 3455 ‘Nec
2623 3420 2782 3469 pene-

1722 3471 1864 3516 trare
1889 3478 2064 3532 potest
2084 3473 2236 3525 facile
2253 3485 2410 3543 atque
2429 3484 2696 3546 emergere
2714 3487 2784 3535 ad

1720 3543 1902 3592 ortus.'
1934 3546 2120 3612 Itaque
2137 3551 2360 3616 liaesitat,
2374 3556 2494 3620 qnia
2511 3573 2784 3624 emergere

584 3593 814 3643 cumdat.
834 3609 933 3643 non
946 3597 1180 3650 dissimili
1198 3604 1467 3654 admodum
1483 3615 1648 3660 trans·
1717 3630 1820 3666 non
1861 3626 2050 3683 potest.
2083 3630 2139 3674 nt
2171 3626 2450 3680 ridiculum
2473 3634 2540 3682 sit
2561 3635 2739 3686 dicere
2761 3653 2778 3686 ε

584 3668 779 3718 latione
796 3668 930 3720 dixit
954 3671 1041 3720 lib.
1060 3677 1111 3722 2.
1134 3677 1149 3702 ‘
1170 3677 1351 3728 animae
1377 3683 1646 3748 nodos,'et
1716 3691 1884 3742 Mic-at
1927 3699 2048 3760 quia
2102 3715 2368 3766 emergere
2420 3720 2522 3758 non
2577 3719 2778 3773 potest.

578 3745 668 3798 lib.
684 3749 735 3793 4.
757 3748 772 3773 ‘
786 3748 1003 3796 Veneris
1022 3751 1227 3803 nodos?
1247 3757 1643 3822 videlicet,con-
1714 3766 1826 3816 Imo
1851 3770 2024 3833 micat,
2056 3775 2175 3838 quia
2197 3781 2425 3831 emersit.
2469 3784 2644 3835 Faber.

569 3820 869 3884 junctiones
890 3824 1140 3886 quasdam
1160 3836 1332 3881 arctas
1350 3839 1404 3882 et
1422 3836 1639 3890 adstric-

1777 3846 1874 3892 698
1909 3845 2166 3909 Propterea
2190 3859 2347 3903 noctes
2366 3857 2582 3922 hiberno]
2626 3863 2776 3927 Virg.

578 3903 677 3958 tes,
698 3893 997 3958 συνδέσμους.
1028 3901 1194 3954 Lamo.
1261 3907 1443 3961 Nudus.
1510 3915 1639 3966 Qui·
1711 3915 1903 3982 Georg.
1927 3925 1976 3971 2.
1996 3927 2110 3974 481.
2139 3925 2155 3952 ‘
2175 3928 2316 3978 Quid
2351 3939 2550 3984 tantum
2575 3952 2773 3988 oceano

576 3969 695 4020 dum
728 3972 971 4036 Veteres,
1008 3977 1184 4029 Malus.
1219 3981 1393 4034 Gifan.
1460 3989 1638 4055 AEqni-
1709 4002 1996 4057 properent

2027 4013 2084 4046 se
2108 4001 2344 4065 tinguere
2365 4010 2498 4058 soles
2529 4013 2772 4076 Hiberui,

576 4047 753 4096 noctia
773 4049 1042 4114 intelligit.
1079 4055 1253 4106 Faber.
1309 4061 1537 4127 Propter
1558 4069 1636 4118 in·
1706 4070 1788 4117 vel
1810 4085 1923 4134 quae
1943 4075 2106 4124 tardis
2131 4093 2272 4130 mora
2295 4085 2534 4137 noctibus
2557 4089 2770 4144 obstet.'

576 4125 942 4176 ter-sectionem
996 4130 1197 4181 zodiaci
1240 4141 1297 4184 et
1338 4145 1635 4204 aequatoris.
1703 4145 1871 4196 Lamb.

578 4201 775 4250 creet-k.

1765 4225 1865 4271 699
1913 4223 2130 4290 Gemuit]
2185 4231 2469 4298 Longiores
2507 4247 2657 4292 sunt:
2706 4249 2766 4292 ut

632 4279 733 4325 688
766 4275 894 4326 Nam
914 4279 1063 4328 medio
1080 4293 1238 4349 cursu,
1261 4286 1366 4352 ἕνα]
1402 4289 1446 4340 Ι.
1470 4306 1517 4343 e.
1552 4293 1630 4344 in·
1702 4296 1866 4347 tnrdae
1881 4307 2060 4351 noctes
2075 4307 2212 4368 opud
2229 4309 2380 4374 Virg.
2400 4314 2764 4387 aestivaesunt3
