3200 4959
613 399 790 468 157⁰
1313 413 1530 463 norm
1583 411 1981 463 vunonem
2030 411 2111 461 m

619 557 998 609 attribuerent?
1029 562 1084 606 et
1105 556 1196 606 ubi
1218 555 1356 606 illins
1379 555 1555 607 sedern
1589 570 1683 620 ap-

613 635 720 684 tius
755 647 908 698 qnam
929 633 981 682 in
1013 634 1146 682 coelo
1181 633 1514 694 collocarent,
1550 631 1685 680 unde

619 713 730 768 nix,
753 709 968 772 grando,
988 706 1204 771 fulmen,
1223 711 1323 759 διο.
1362 708 1554 758 Creech.

639 815 646 822 ·
688 785 810 834 Coeli
831 783 1062 847 rationes]
1093 786 1109 812 4
1136 784 1300 834 Ratos
1325 785 1444 834 eoeli
1468 789 1635 834 motus
1650 782 1683 834 τ’

618 875 764 924 saepe
786 860 1080 922 Lucretius,
1100 866 1156 910 et
1177 860 1364 910 melius
1385 873 1539 926 quam
1564 859 1688 910 Goeli

617 935 856 998 regiones.
889 935 1107 987 Creech.

637 1033 645 1042 ¹
687 1017 814 1062 1185
866 1014 1002 1074 Ergo
1041 1011 1339 1075 perfugium,
1386 1013 1494 1077 lfa]
1545 1012 1686 1075 Ergo

619 1105 736 1141 cum
789 1104 960 1140 rerum
1003 1093 1206 1140 causas'
1229 1089 1549 1152 ignorarent,
1593 1089 1689 1138 hoc

619 1166 916 1232 perfugium
950 1167 1231 1228 habebant,
1267 1172 1326 1216 nt
1358 1167 1530 1216 omnia
1551 1167 1689 1215 Deo-

619 1257 734 1302 rum
769 1242 984 1293 arbitrio
1018 1250 1075 1292 et
1103 1241 1443 1306 providentiae
1477 1243 1689 1292 manda-

620 1327 758 1369 rent.
793 1317 960 1368 Lumo.

641 1417 652 1425 ν
688 1399 815 1444 1187
851 1392 1053 1457 Facere]
1095 1393 1420 1457 Supponere,
1461 1392 1690 1443 credere.

624 1471 805 1522 Faber.

687 1547 752 1596 In
777 1548 994 1609 Coeloque
1027 1546 1184 1596 Deum
1220 1544 1372 1607 sedes]
1411 1544 1566 1596 Quod
1607 1557 1691 1592 ve-

623 1637 736 1672 rum
761 1635 878 1670 esse
901 1620 1114 1683 negavit
1135 1634 1294 1681 supra
1313 1619 1405 1668 lib.
1439 1619 1558 1668 eod.
1589 1632 1693 1667 non

621 1699 776 1760 longe
801 1711 831 1745 a
855 1696 1078 1760 princip.
1104 1709 1178 1744 vs.
1203 1699 1315 1744 147.
1363 1696 1379 1722 4
1405 1693 1544 1742 Illud
1569 1694 1693 1743 item

621 1777 724 1826 nou‘
747 1781 829 1824 est
851 1782 912 1824 ut
934 1775 1095 1837 possis
1119 1774 1361 1834 credere,
1391 1772 1543 1822 sedes
1565 1773 1693 1822 Esse

624 1848 830 1913 Deum,'
851 1854 950 1901 &m
985 1849 1152 1899 Lumb.
1271 1857 1294 1902 ,’
1556 1869 1562 1874 ·

689 1932 818 1977 1189
851 1929 920 1976 Et
943 1927 1094 1976 noctis
1112 1926 1268 1987 Signa
1283 1923 1468 1987 severa]
1503 1923 1594 1974 Sic
1609 1923 1696 1972 ha·

623 2004 753 2054 beut
787 2017 968 2053 omnes
1001 2017 1128 2067 quos
1161 2001 1266 2052 vidi
1299 2001 1436 2051 libri.
1461 1999 1695 2050 nonnulli

621 2090 798 2132 tamen
839 2082 941 2145 legi
974 2081 1155 2130 volunt
1193 2093 1380 2130 sereno.
1416 2079 1464 2127 in
1505 2078 1693 2142 quibus

622 2171 722 2220 ego
741 2171 826 2205 me
847 2156 1136 2219 principem
1160 2153 1394 2218 profiteri
1416 2168 1518 2203 non
1543 2153 1692 2203 dubi·

621 2239 745 2282 tem.
814 2230 949 2281 Vide
966 2247 1081 2296 quae
1105 2233 1392 2280 notavimus
1413 2230 1480 2278 ad
1502 2233 1554 2279 4.
1573 2233 1691 2279 462.

621 2309 638 2335 4
663 2308 736 2355 Ει
779 2307 976 2355 sonitus
1023 2306 1234 2367 audire‚·
1267 2320 1450 2356 severa
1485 2303 1692 2353 silentia

622 2381 792 2430 noetis
817 2380 1064 2444 Undique
1085 2395 1200 2429 cum
1219 2379 1490 2429 constent.'
1521 2379 1689 2428 Lumb-

620 2455 738 2517 Ego
761 2455 778 2483 ‘
801 2454 1014 2503 severa'
1038 2455 1350 2517 explicarem
1375 2455 1696 2518 veneranda,

623 2527 730 2592 dia,
765 2544 936 2586 saera.
973 2537 1032 2580 ut
1071 2530 1279 2580 videtur
1313 2531 1470 2582 etiam
1500 2545 1689 2595 capere

623 2610 848 2660 casaub.
893 2607 959 2657 ad
998 2607 1312 2659 Athenaeum
1353 2623 1406 2672 p.
1445 2612 1560 2659 790.
1600 2610 1690 2659 ubi

618 2684 718 2732 lioe
737 2682 968 2732 Lucretii
985 2681 1190 2745 profert
1206 2682 1272 2731 ad
1293 2683 1693 2732 illustrationem

619 2773 802 2809 versus
823 2759 1048 2822 AEschyli
1081 2773 1145 2807 ex
1181 2759 1488 2809 Heliadibus
1512 2759 1580 2808 ὅτ’
1604 2757 1695 2810 οῖσι

621 2835 920 2896 μελανίππου
936 2835 1188 2899 προφιηὼν
1221 2837 1345 2900 ἱερᾶς
1365 2836 1528 2886 muros
1545 2838 1691 2898 ἀμολ-

618 2911 726 2973 -γδνι,
754 2919 769 2942 4
795 2927 950 2977 quum
975 2912 1038 2961 ad
1073 2913 1324 2961 orientem
1357 2912 1489 2973 abit,
1508 2913 1693 2963 relicto

620 2987 793 3036 noctis
825 2985 1134 3036 venerandae
1167 2985 1413 3036 silentio!
1477 2988 1558 3037 De
1577 2989 1691 3036 bor-

621 3075 742 3111 rore
767 3062 926 3112 etiam
950 3062 1116 3111 noctis
1139 3062 1284 3125 capit
1301 3063 1528 3113 Turncb.
1554 3062 1690 3114 Adv-

617 3142 700 3189 30.
722 3143 808 3188 22.
858 3139 996 3188 Han.

687 3217 816 3263 1192
849 3215 916 3265 Et
950 3227 1192 3263 murmura
1223 3229 1398 3276 magna
1432 3215 1691 3279 minarum]

618 3287 666 3337 1.
693 3303 741 3339 e.
766 3297 821 3338 et
845 3290 1095 3351 tonitrua,
1133 3303 1228 3354 per
1261 3305 1376 3354 quae
1403 3292 1495 3340 Dii
1517 3292 1692 3341 viden·

621 3369 706 3413 tur
727 3364 1014 3415 hominibus
1035 3364 1241 3428 minari,
1259 3371 1315 3415 et
1339 3374 1592 3420 terrorem
1614 3369 1689 3418 in·

625 3440 784 3491 ferre.
815 3441 984 3492 Lumb.

685 3519 814 3564 1193
875 3517 921 3564 Ο
978 3529 1130 3576 genus
1185 3515 1360 3575 infeli-‘r
1415 3518 1690 3584 humanum]

619 3589 886 3650 ἐπιφώνημα.
942 3592 1045 3638 sic.
1071 3604 1186 3652 sup.
1236 3590 1327 3638 lib.
1373 3595 1422 3640 2.
1468 3593 1689 3657 princip.

617 3665 634 3694 4
661 3664 710 3712 Ο
735 3665 946 3715 miseras
971 3664 1231 3713 bominum
1258 3667 1492 3730 menteis,
1509 3682 1540 3716 o
1564 3683 1687 3730 pec-

617 3746 733 3790 tora
753 3753 894 3788 caeca
913 3739 956 3790 l’.
978 3741 1142 3790 Lamo.
1181 3750 1189 3758 ‘
1209 3741 1404 3804 Opinio
1425 3745 1488 3794 de
1512 3747 1684 3808 provi-

618 3814 819 3876 dentia,
861 3815 904 3864 si
943 3816 1172 3880 Epicuro
1211 3815 1486 3876 credimus,
1536 3821 1684 3870 unica

618 3901 700 3943 est
723 3907 877 3942 causa
907 3893 1246 3943 solicitudinis
1280 3895 1431 3958 illius,
1463 3911 1576 3960 qnae
1614 3898 1685 3946 vi·

619 3979 700 4018 tas
717 3971 975 4021 hominum
1011 3965 1215 4030 affligit,
1247 3977 1402 4034 atque
1434 3971 1546 4020 haec
1569 3986 1683 4020 sen-

618 4045 785 4092 tentia
806 4058 911 4094 vss.
935 4048 1020 4094 24.
1037 4045 1124 4108 qui
1149 4054 1432 4109 sequnntur
1455 4048 1683 4109 explica-

620 4125 725 4168 tur.
792 4117 997 4168 Abina
1043 4125 1214 4168 autem
1259 4121 1503 4182 opinione
1544 4125 1682 4186 vulgi

617 4207 752 4245 vana
773 4200 828 4242 et
851 4194 1034 4258 inepta
1055 4196 1371 4258 superstitio,
1403 4213 1518 4262 quae
1539 4200 1682 4248 nulla

623 4279 704 4323 est
730 4285 854 4334 erga
888 4272 1026 4321 Deos
1062 4272 1262 4335 pietas:
1293 4275 1380 4336 qui
1406 4288 1525 4323 vere
1549 4275 1682 4338 pius,

1761 555 1987 620 seipsum
2042 555 2277 620 respicit,
2324 556 2571 620 explorat
2624 560 2836 607 naturas
2924 611 2933 616 ,

1760 633 1917 694 vires,
1951 640 2011 683 ut
2030 632 2203 681 omnia
2224 633 2501 696 intelligat,
2522 632 2657 682 nihil
2672 633 2837 684 admi-

1761 714 1935 769 retur3
1968 707 2087 757 inde
2110 709 2243 757 euim
2268 706 2325 758 fit
2358 716 2414 758 nt
2446 707 2689 772 syderum
2725 722 2845 759 mo·

1762 791 1865 846 tus,
1887 792 1941 834 et
1964 785 2063 834 alia
2085 791 2285 834 naturae
2308 784 2648 848 phaenomena
2669 783 2837 836 intre-

1764 859 1916 924 pidus
1940 866 2225 924 spectaret,
2247 849 2367 910 dum
2386 859 2561 909 omnia
2580 857 2697 908 fieri
2718 860 2837 910 sine

1763 937 1993 986 Deorum
2050 937 2348 986 interventu
2404 936 2643 986 noverit:
2708 949 2855 986 nam-

1764 1011 1976 1076 pietatis
2018 1015 2185 1060 mater
2223 1010 2539 1076 (papicolam
2580 1009 2832 1062 crederes

1735 1149 1741 1162 .
1767 1087 2093 1152 Lucretium)
2108 1087 2412 1151 ignorantia.
2430 1086 2567 1136 Hor.
2590 1087 2693 1150 Ep.
2720 1091 2764 1137 1.
2780 1092 2835 1139 6.

1763 1165 1778 1192 4
1805 1164 1898 1213 Nil
1920 1164 2162 1214 admirari
2198 1178 2360 1228 prope
2381 1177 2467 1213 res
2488 1171 2571 1212 est
2592 1177 2695 1214 nna
2720 1163 2836 1215 Νη·-

1764 1241 1904 1303 mici,
1937 1242 2163 1306 Solaque
2198 1255 2313 1306 quae
2348 1241 2515 1304 possit
2548 1239 2745 1303 facere,-
2776 1245 2838 1290 et

1766 1333 1975 1369 servare
2029 1318 2269 1368 beatum:
2326 1316 2484 1366 Hunc
2536 1315 2739 1378 solem,
2776 1321 2870 1378 et„

1765 1395 1964 1456 stellas,
1984 1401 2039 1444 et
2060 1393 2373 1444 decedentia
2394 1391 2553 1442 certis
2574 1393 2839 1456 Tempora

1766 1470 2061 1532 momentis,
2094 1476 2216 1519 sunt
2254 1469 2343 1535 qui
2383 1467 2661 1518 formidine
2690 1468 2838 1518 nulla

1768 1547 1961 1597 Imbuti
1984 1552 2226 1610 spectent
2245 1544 2289 1595 τ’
2324 1545 2499 1594 Alius:
2536 1547 2552 1574 4
2573 1545 2727 1595 Felix
2746 1545 2837 1610 qui

1770 1624 1944 1687 potuit
1966 1637 2137 1672 rernm
2165 1635 2482 1685 cognoscere
2498 1635 2713 1682 cansam
2736 1619 2836 1671 At-

1770 1713 1870 1763 que
1905 1704 2075 1748 metns
2110 1711 2305 1760 omnes,
2326 1704 2385 1752 et
2404 1697 2735 1747 inexorabile
2756 1695 2841 1747 fae

1770 1784 1881 1827 tum
1907 1775 2141 1838 subjecit
2162 1773 2403 1839 pedibus,
2440 1773 2829 1839 strepitumque

1770 1849 2084 1902 Acherontis
2108 1851 2282 1901 αντη-ἰ)
2317 1851 2512 1901 creech.
2606 1887 2613 1892 ·

1837 1931 1964 1976 1194
2012 1929 2171 1990 Atque
2213 1926 2316 1976 irus
2356 1927 2581 1988 adiunxit
2616 1927 2835 1991 nerbas]

1771 2003 1923 2056 Quod
1945 2004 2203 2068 Epicurus
2223 2002 2437 2054 dicebat
2470 2004 2692 2054 alienum
2716 2020 2835 2055 esse

1772 2093 1803 2128 a
1825 2080 2131 2142 praestantia
2162 2085 2362 2129 naturai
2396 2079 2603 2130 divinae.
2638 2095 2757 2144 sup.
2784 2085 2836 2132 2.

1768 2161 1885 2206 649.
1951 2164 1965 2185 ‘
1990 2156 2115 2220 Ipsa
2146 2155 2251 2205 suis
2284 2156 2485 2219 pollens
2518 2155 2721 2219 opibus,
2758 2157 2837 2206 ni·

1769 2231 1839 2280 lii}
1862 2232 2039 2296 indiga
2068 2231 2252 2294 nostri,
2272 2232 2388 2280 Nee
2412 2231 2543 2280 bene
2579 2234 2837 2294 promeri-

1768 2306 1837 2356 tis
1858 2308 2085 2372 capitur,
2104 2321 2274 2370 neque
2290 2307 2519 2370 tangitur
2534 2306 2642 2358 ira?
2658 2308 2834 2360 Lau-b.

1836 2389 1963 2433 1196
2016 2383 2286 2432 Minoribus
2332 2381 2528 2444 nostris]
2590 2383 2834 2433 Posteris

1764 2461 1991 2510 nostris.-
2016 2459 2183 2509 Lomb.
2570 2503 2575 2508 .
2684 2469 2707 2500 -·
2796 2474 2801 2481 ·

1778 2569 1789 2576 ·
1830 2540 1959 2585 1197
1993 2537 2099 2585 Nec
2113 2536 2269 2599 pietus
2298 2536 2399 2584 ulla
2418 2541 2507 2597 est,
2527 2535 2636 2600 esa]
2670 2533 2835 2586 Hunc

1766 2625 1973 2660 versum
2012 2625 2130 2661 cnm
2178 2618 2399 2675 quatuor
2451 2611 2727 2677 deinceps:
2752 2628 2837 2662 se·-

1764 2687 2041 2750 quentibus
2062 2685 2265 2749 profert
2298 2687 2543 2738 Firmiau.
2574 2689 2665 2738 lib.
2688 2693 2739 2739 2.
2765 2689 2835 2738 de
2884 2751 2903 2760 ἢ

1766 2761 1937 2825 Orig.·
1968 2763 2085 2813 Err.
2134 2762 2280 2812 -Non
2334 2762 2610 2813 admodum
2654 2771 2833 2815 autam

1764 2837 2014 2888 dissimile
2036 2845 2120 2888 est
2131 2839 2211 2888 bis
2232 2836 2555 2890 Lucretianis
2580 2841 2709 2890 illud
2732 2839 2834 2890 Ar-

1764 2913 1907 2974 nqbii
1938 2913 2032 2963 lib.
2063 2917 2111 2963 4.
2179 2916 2194 2942 4
2221 2914 2405 2964 Cultus
2426 2930 2589 2966 verns
2625 2917 2680 2966 in
2712 2929 2837 2980 pec·

1766 2995 1881 3040 tore
1921 2997 2021 3053 est,
2061 2997 2219 3054 atque
2259 2991 2561 3054 opinatione
2602 2990 2671 3051 de
2712 2992 2837 3040 Diis

1764 3065 1951 3129 dignaz
1985 3079 2083 3115 nec
2116 3065 2395 3130 quidquam
2428 3066 2645 3129 prodest
2664 3066 2833 3118 illatio

1765 3141 2029 3205 sanguinis
2051 3147 2107 3190 ct
2128 3143 2349 3204 cruoris,
2372 3141 2416 3189 si
2448 3141 2617 3190 credis
2651 3141 2719 3192 de
2751 3141 2833 3192 his

1764 3232 1829 3267 ea
1850 3234 1963 3283 qnae
1980 3232 2085 3268 non
2103 3217 2257 3268 modo
2276 3219 2383 3268 sint
2395 3219 2551 3280 longe
2566 3215 2633 3266 ab
2651 3231 2833 3268 eornm

1764 3293 1939 3344 divina
1983 3293 2359 3358 praestantique
2401 3301 2605 3355 natura,
2650 3306 2831 3344 verum

1763 3369 1921 3420 etiam
1964 3370 2096 3420 labis
2142 3375 2199 3418 et
2248 3369 2591 3434 turpitudinis
2634 3369 2833 3435 aliquid

1762 3444 2029 3508 majestati
2067 3459 2243 3494 eorum
2286 3444 2589 3506 concilient,
2625 3452 2697 3499 ,ει
2737 3444 2831 3494 de-

1762 3520 1909 3570 cori!
1974 3519 2081 3570 Alii
2112 3522 2316 3585 legunt,
2351 3521 2482 3569 Nam
2512 3521 2668 3584 pietas
2698 3521 2833 3570 nulla

1760 3602 1847 3646 est.
1882 3597 2061 3646 Lamb.
2418 3629 2425 3636 -

1794 3715 1803 3724 .
1833 3673 2077 3737 Velatum]
2104 3672 2208 3724 Qui
2246 3673 2387 3724 Deos
2426 3672 2831 3737 venerabantur,

1760 3755 1947 3810 operto
1980 3756 2127 3798 erant
2162 3750 2352 3812 capite.
2395 3749 2539 3813 cnjus
2578 3747 2710 3796 ritus
2742 3762 2831 3798 ra-

1761 3823 1953 3873 tionem
1977 3824 2151 3873 multis
2172 3824 2342 3874 verbis
2362 3823 2535 3874 reddit
2552 3823 2831 3876 Plutarch.

1758 3899 2017 3960 ῥωμαΐκοΐς.
2064 3900 2237 3949 Plaut.
2272 3897 2538 3963 Amphitr.
2570 3905 2619 3947 5.
2661 3903 2709 3948 1.
2743 3902 2828 3949 41.

1757 3977 1772 4000 4
1794 3974 2017 4022 Invocat
2054 3975 2201 4023 Deos
2242 3973 2599 4036 immortaleis‚
2631 3983 2691 4022 ut
2724 3974 2828 4024 sibi

1757 4049 2002 4097 auxilium
2039 4046 2231 4112 ferant,
2263 4049 2505 4101 Manibus
2542 4050 2708 4112 puris,
2740 4065 2829 4099 ca·

1757 4124 1869 4187 pite
1890 4123 2110 4187 operto!
2176 4125 2449 4176 Praeterea
2477 4127 2497 4164 4
2523 4124 2711 4175 velati’
2748 4126 2827 4173 di-

1756 4201 2028 4264 cebantur,
2064 4215 2277 4266 quorum
2316 4208 2477 4265 caput
2513 4201 2637 4250 licio
2673 4201 2827 4250 laneo

1756 4275 2128 4330 circumdatum
2152 4284 2295 4327 erata
2330 4276 2469 4342 quod
2506 4277 2829 4340 usurpabant
