3200 4959
643 421 816 489 1614

645 581 840 648 poiitae.
878 581 1073 632 creceii.

711 663 804 708 195
845 657 1136 720 Tempestate
1156 653 1339 718 coerce]
1368 653 1455 706 Sic
1475 653 1708 718 loquitur

646 739 703 785 et
741 733 921 783 Caesar
962 731 1053 783 lib.
1097 735 1149 781 7.
1193 731 1262 780 de
1296 731 1366 780 Β.
1399 730 1469 782 G.
1511 728 1705 781 ‘Quod

648 822 836 872 magua
860 807 1028 857 subito
1049 811 1161 855 erat
1183 813 1366 856 coortu
1385 803 1707 868 tempestas.'

647 884 796 934 Idem
817 883 1028 934 Lucret.
1052 886 1101 932 1.
1121 887 1238 933 762.
1276 883 1293 914 ⁴
1312 881 1425 931 Aut
1451 881 1532 932 ita
1553 879 1708 930 diffu-

649 959 815 1022 gient,
849 966 924 1022 nt,
979 964 1295 1022 tempestate
1351 955 1570 1020 coorta,’
1604 960 1704 1006 &c-

643 1037 784 1087 idem
826 1035 922 1088 inf.
953 1039 1070 1088 457.
1101 1035 1309 1102 ‘Usque
1351 1033 1502 1095 adeo,
1537 1033 1706 1083 donec

643 1115 928 1177 tempestas
973 1125 1112 1162 θωνα
1155 1116 1333 1159 coorta
1371 1107 1492 1158 est.’
1558 1111 1707 1170 Virg.

646 1193 724 1240 10.
745 1193 857 1239 405.
891 1191 907 1218 ‘
929 1188 1012 1238 Ac
1045 1188 1191 1237 velut
1211 1191 1390 1251 optata
1411 1185 1580 1236 ventis
1608 1199 1710 1234 aes·

647 1272 766 1316 tete
784 1265 1014 1327 coortis,'
1034 1269 1135 1316 dcc.
1175 1265 1345 1315 Lumo.

670 1368 677 1377 ·
709 1349 806 1394 196
860 1345 1044 1406 Magno
1097 1344 1415 1405 indignantur
1469 1353 1707 1390 murmure

645 1421 818 1485 clausi]
873 1423 1131 1486 Sic-virg.
1155 1421 1271 1471 AEn.
1297 1426 1344 1471 1.
1364 1424 1446 1471 59.
1483 1422 1499 1448 ⁸
1518 1420 1607 1469 Illi
1630 1419 1707 1467 in-

645 1499 918 1562 dignantes
935 1505 1122 1562 muguo
1137 1513 1253 1548 cum
1271 1509 1546 1558 murmure,
1563 1509 1707 1544 mon·

646 1573 718 1622 tis
742 1573 952 1623 Circum
986 1575 1215 1623 claustra
1235 1571 1498 1622 fremunt?
1541 1571 1707 1622 Lamb.

721 1651 824 1697 200
858 1647 1172 1712 Convolvunt]
1221 1649 1532 1709 Corradunt,
1565 1648 1709 1697 colli·

647 1730 795 1786 gunt.
829 1724 998 1774 Lamb.

711 1799 760 1848 Ε
782 1799 1014 1862 Nubibus]
1029 1801 1152 1864 Leg.
1164 1801 1226 1850 In
1247 1799 1482 1860 Nubibus,
1501 1799 1553 1848 id
1569 1798 1707 1848 enim

643 1883 755 1930 tota
779 1880 1010 1943 postulat
1033 1880 1310 1930 sententia.
1353 1879 1544 1933 Creeelt.

708 1960 807 2005 202
843 1957 1120 2020 Fulserunt]
1167 1955 1442 2021 Fulgorem
1487 1967 1707 2019 concep·

651 2037 764 2081 tum
797 2032 1089 2083 ediderunt.
1121 2033 1290 2083 Lamo.

708 2111 806 2158 203
843 2109 954 2159 Hae
988 2109 1156 2172 etiam]
1191 2109 1311 2160 Alia
1342 2123 1502 2159 causa
1539 2108 1710 2174 fulgu·

643 2185 738 2248 ris,
770 2186 892 2250 qnia
925 2186 1104 2235 nubes·
1127 2187 1290 2235 multa
1313 2185 1365 2234 in
1389 2201 1444 2235 se
1469 2186 1604 2248 ignis
1632 2201 1710 2234 se-

641 2261 786 2310 mina
827 2260 1146 2311 contineant.
1186 2262 1352 2311 Lamb.
1438 2263 1558 2310 Non
1596 2268 1711 2311 tan-

642 2343 756 2385 tum
789 2337 924 2400 ignis
960 2337 1012 2385 in
1049 2337 1274 2386 nubibus
1297 2339 1490 2387 circum
1514 2344 1709 2386 rotatus

645 2410 860 2461 accendi
886 2417 1078 2474 potest,
1098 2411 1191 2460 sed
1214 2413 1338 2475 ipsae
1363 2412 1526 2461 nubes
1549 2416 1713 2462 multa

648 2485 784 2550 ignis
807 2486 1112 2548 corpuscula
1133 2485 1243 2534 sive
1262 2501 1293 2533 a
1310 2487 1510 2546 sole,nt
1531 2487 1714 2536 docuit

645 2560 1011 2629 Empedocles,
1069 2561 1178 2608 sive
1229 2560 1438 2610 aliunde
1493 2569 1713 2625 accepta

643 2636 931 2687 continent.
1008 2635 1074 2684 Id
1120 2635 1256 2684 enim
1299 2637 1602 2698 splendidus
1657 2645 1713 2687 et

642 2709 914 2760 flammeus
954 2711 1096 2759 color
1133 2711 1451 2775 quarundam
1497 2713 1710 2762 nubium

645 2788 1001 2848 demonstr-uu
1035 2787 1133 2835 ista
1175 2793 1350 2836 autem
1397 2791 1710 2852 corpuscula

651 2878 684 2913 a
703 2869 886 2927 vento,
905 2864 1252 2927 compellente
1269 2871 1323 2914 et
1337 2868 1709 2928 comprimente

648 2939 834 3000 nubes,
869 2951 1119 3001 expressa
1138 2938 1309 3003 fulgur
1333 2939 1584 2991 efficiunt.
1610 2947 1713 2992 ἤιε.

655 3017 738 3064 11.
777 3015 968 3063 Ονεεεὴ.

707 3093 804 3140 204
839 3089 1062 3152 Liquidi]
1094 3089 1298 3148 Lucidi,
1337 3091 1418 3138 vel
1455 3093 1590 3155 puri,
1628 3093 1713 3142 vel

647 3163 801 3216 effusi
823 3173 878 3214 et
895 3166 1223 3219 abundantis.
1237 3167 1476 3218 Muci-ob.
1503 3168 1711 3219 Saturn.

649 3249 700 3294 6.
726 3249 774 3291 5.
796 3243 963 3293 Lamb.
1013 3244 1169 3293 Maro
1189 3243 1313 3293 item
1336 3245 1448 3293 Ecl.
1469 3249 1518 3294 6.
1533 3249 1583 3293 3.
1604 3246 1620 3274 ‘
1644 3247 1711 3294 Et

643 3319 828 3385 liquidi
854 3323 1000 3370 simul
1025 3319 1197 3384 ignis!
1263 3320 1367 3370 Ubi
1391 3321 1603 3370 Servius
1618 3336 1713 3385 per

643 3396 662 3424 ‘
681 3397 797 3461 puri
821 3404 877 3446 et
899 3397 1104 3446 aetherii
1121 3396 1138 3419 '
1172 3396 1420 3460 explicat,
1440 3399 1712 3462 locumque

643 3478 840 3535 praeter
877 3471 1013 3520 hunc
1049 3471 1284 3521 Lucretii
1317 3473 1474 3521 etism
1503 3473 1713 3522 Cicero-

645 3549 747 3610 niS,
778 3547 868 3610 qui
907 3545 1104 3595 dixerit
1135 3546 1392 3613 ‘ignitum
1426 3547 1713 3611 liquorem:

643 3621 878 3671 adducit.
923 3619 1070 3671 Alias
1093 3621 1230 3669 enim
1256 3621 1410 3670 siccae
1432 3624 1506 3671 rei
1531 3624 1714 3673 aridae·

643 3709 745 3760 qne
767 3695 905 3744 hand
942 3697 1188 3746 convenit
1217 3696 1438 3760 ‘liquidi
1461 3697 1478 3722 ’
1512 3699 1715 3761 epithe-

645 3779 756 3822 ton.
823 3771 1151 3819 Lactantium
1172 3772 1270 3821 hoe
1289 3785 1516 3839 qnoque,
1531 3781 1587 3822 ut
1599 3776 1714 3837 plu-

646 3861 726 3909 ra,
745 3845 998 3896 imitatum
1023 3845 1200 3896 docuit:
1219 3846 1449 3908 Turneb.
1467 3845 1607 3898 Adv.
1634 3855 1713 3900 10.

645 3929 694 3974 8.
727 3923 875 3986 cnjus
894 3923 1095 3987 antiqui
1133 3923 1402 3986 scriptoris
1439 3924 1548 3972 haec
1589 3931 1712 3975 sunt

643 3999 806 4048 ‘verba
827 3999 877 4048 6.
903 4002 981 4049 11.
1011 4001 1030 4027 ‘
1049 3997 1206 4048 Aliud
1247 3999 1333 4048 ille
1367 4014 1398 4047 a
1429 3999 1579 4049 nobis
1603 4000 1711 4049 exi-

644 4073 722 4136 git
749 4074 946 4136 lumen,
981 4081 1039 4124 et
1077 4074 1286 4138 quidem
1320 4087 1422 4124 nnn
1441 4075 1710 4141 fumidum,

645 4149 755 4211 sed,
778 4157 837 4199 ut
861 4151 938 4199 ait
959 4151 1133 4214 poeta,
1151 4151 1398 4216 liquidum
1425 4160 1581 4217 atque
1603 4153 1711 4201 cla-

647 4238 780 4286 rum,
803 4227 990 4275 mentis
1025 4227 1264 4277 scilicet!
1298 4228 1431 4277 Hae.

671 4317 678 4328 ·
712 4305 809 4351 20⁷
843 4302 1123 4368 Plerumque
1151 4302 1294 4366 colos]
1326 4305 1562 4369 Utraque
1589 4311 1711 4354 suut

1348 437 1566 486 NOTAE
1616 423 2015 486 unionum
2064 433 2142 484 m
2226 425 2229 432 '

1780 578 1988 640 usitate,
2042 574 2061 606 ‘
2084 577 2265 637 color,’
2314 573 2551 637 ‘honor,’
2605 577 2622 606 ⁴
2654 575 2843 640 timot-‚⁹

1780 655 1796 684 ⁸
1813 654 1993 716 labor:
2024 654 2042 684 ‘
2061 652 2260 717 vapor-,⁹
2286 653 2303 682 ⁸
2326 654 2454 702 odor
2470 653 2505 702 :'
2536 657 2595 704 et
2628 653 2649 684 ⁸
2668 651 2845 714 colos‚’

1784 730 2015 792 ‘honos‚’
2064 729 2293 793 ‘timos‚'
2344 727 2557 791 ‘labos,’·
2606 725 2843 792 ‘vapos.’

1786 805 1989 856 Nonius
2023 807 2075 856 in
2113 813 2240 855 voce
2274 807 2291 836 ‘
2317 804 2517 869 vapos,'
2553 815 2609 854 et
2639 804 2655 834 ‘
2681 803 2851 857 odos?

1785 881 1955 931 Lumb.

1850 961 1948 1005 208
1984 957 2169 1021 Quippe
2193 954 2367 1006 etenim
2404 957 2514 1006 solis
2549 959 2607 1007 de
2645 959 2844 1023 lumine]

1785 1032 1938 1083 Hane
1982 1032 2290 1082 sententiam
2336 1033 2508 1098 tangit
2550 1041 2607 1082 et
2647 1031 2846 1084 refellit

1786 1109 2009 1159 Aristot.
2043 1109 2134 1158 lib.
2173 1114 2235 1159 2.
2262 1127 2457 1172 μετεωρ.
2512 1109 2678 1158 Kahot
2723 1109 2845 1159 τινὲς

1784 1183 2024 1246 λέγουσιν,
2059 1185 2121 1234 ὥς
2156 1185 2207 1232 ἐν
2244 1187 2344 1233 τοῖς
2380 1182 2571 1246 νέφεσιν
2608 1182 2844 1246 ἐγγίνεται

1784 1264 1890 1327 ἁῦρ.
1932 1264 2077 1312 τοῦτο
2120 1263 2159 1311 δ’
2202 1263 2519 1324 ’Ἐμπεδοκλῆς
2570 1261 2659 1326 μέν
2701 1275 2845 1326 φησιν

1782 1339 1898 1390 εἶναι
1917 1338 1979 1388 τὸ
2013 1337 2525 1404 ἑμπεριλαμβανόμενον
2553 1340 2608 1389 ἐκ
2633 1341 2731 1390 τῶν
2764 1343 2847 1390 τοῦ

1782 1415 1920 1476 ἡλίου
1960 1416 2171 1466 ἀκτίνων·
2217 1413 2525 1479 Ἀναξαγόρας
2572 1415 2625 1464 δὲ
2668 1415 2723 1465 ἐκ
2762 1417 2847 1466 τοῦ

1786 1490 1957 1541 ἄνωθεν
1986 1490 2176 1556 αἰθέρος,
2205 1489 2235 1540 ὃ
2277 1491 2341 1551 δὴ
2369 1493 2542 1543 ἐκεῖνος
2566 1491 2717 1543 καλεῖ
2738 1495 2841 1560 πῦρ,

1785 1566 2069 1629 κατενεχθὲν
2106 1566 2275 1616 ἄνωθεν
2310 1564 2454 1618 κάτω.
2492 1568 2526 1618 i.
2546 1583 2595 1618 e.
2638 1568 2657 1596 ‘
2686 1568 2843 1634 Atqui

1786 1643 1933 1692 aiunt
1955 1643 2205 1704 nonnulli,
2240 1644 2292 1692 in
2318 1643 2537 1693 nubibus
2570 1643 2745 1707 ignem
2770 1645 2843 1693 iu-

1782 1720 1959 1768 nasci:
1994 1719 2129 1769 hunc
2168 1726 2344 1768 autem
2381 1719 2551 1784 ignem
2586 1721 2844 1784 Empedo-

1784 1794 1890 1844 cles
1915 1795 2121 1858 quidem
2145 1795 2271 1845 dicit
2292 1807 2408 1845 esse
2433 1809 2570 1857 eum,
2592 1796 2682 1860 qui
2708 1811 2845 1846 eom·

1784 1870 2121 1933 prehenditur
2154 1876 2211 1920 et
2247 1871 2541 1934 concipitur
2578 1887 2645 1921 ex
2683 1873 2843 1922 radiis

1786 1946 1942 1995 solis:
1991 1945 2326 2010 Anaxagoras
2362 1953 2533 1995 autem
2568 1961 2635 1996 ex
2664 1962 2845 2012 supre-

1784 2037 1869 2074 mo
1904 2023 2099 2072 aethere
2128 2024 2308 2088 (quem
2346 2023 2432 2072 ille
2458 2024 2631 2086 ignem
2665 2025 2845 2088 appel-

1786 2097 1886 2164 lnt)
1919 2113 2142 2162 superne
2172 2098 2411 2148 deorsum
2436 2097 2713 2162 delatum?
2747 2104 2846 2150 διο.

1785 2175 1956 2225 Lumb.

1851 2252 1951 2299 210
1984 2251 2147 2300 Hasce
2182 2251 2362 2314 igitur]
2392 2252 2480 2303 Sic
2512 2251 2703 2302 liabent
2728 2251 2851 2302 libri

1787 2324 1901 2375 fere
1924 2341 2099 2375 omnes
2122 2341 2378 2377 manuscr.
2402 2334 2458 2377 et
2480 2328 2711 2377 nonnulli
2739 2330 2852 2377 vul-

1788 2403 1930 2466 gatiz
1966 2403 2073 2467 alii,
2108 2403 2219 2456 Has
2235 2405 2403 2464 igitur.
2443 2405 2627 2454 Lamb.

1850 2479 2040 2543 Agens]
2074 2480 2377 2543 Impellens,
2401 2482 2643 2532 incitans.
2677 2483 2847 2532 Lamb.

1804 2567 1809 2572 '
1852 2558 1947 2614 211
1976 2556 2241 2620 Expressa]
2262 2556 2643 2618 Ἐκτεθλιμμένα.
2676 2555 2848 2608 Lumo.

1850 2637 1947 2682 212
2007 2634 2127 2690 Quae
2152 2633 2349 2692 fuciunt
2380 2635 2593 2698 flummae
2622 2635 2849 2698 fulgere]

1788 2709 1917 2760 Qnae
1956 2708 2176 2770 faciunt,
2198 2709 2486 2760 inflamma
2521 2710 2764 2768 exsistat,
2796 2719 2851 2761 et

1788 2783 1960 2846 fulgor
2000 2786 2214 2834 oriatur.
2252 2785 2325 2834 sic
2355 2786 2587 2850 loquitur
2610 2793 2667 2836 et
2692 2787 2845 2835 alibi:

1788 2866 1850 2910 nt
1870 2875 1983 2925 sup.
2006 2862 2098 2910 lib.
2122 2875 2269 2925 prox.
2290 2865 2408 2912 760.
2451 2862 2467 2890 ‘
2488 2863 2622 2914 Qnae
2646 2860 2850 2911 faciunt

1789 2938 1952 3000 igneis
2003 2938 2354 3000 interstingui,
2408 2944 2566 3001 atque
2614 2937 2853 3000 perire?

1790 3020 1845 3063 et
1868 3014 1983 3062 eod.
2007 3014 2097 3062 lib.
2132 3028 2245 3076 sup.
2280 3018 2393 3064 661.
2438 3016 2606 3066 ‘Quae
2648 3013 2851 3064 faciunt

1789 3090 1909 3138 solis
1934 3104 2067 3138 nova
2106 3104 2313 3152 semper
2350 3091 2539 3139 lumina
2575 3091 2751 3154 gigni?
2795 3097 2850 3140 et

1790 3165 1907 3214 eod.
1948 3165 2041 3214 lib.
2084 3169 2199 3216 702.
2246 3168 2266 3193 ‘
2294 3167 2397 3218 Qui
2440 3165 2645 3217 faciunt
2689 3169 2848 3217 solem

1789 3249 1935 3290 certa
1958 3242 2023 3290 de
2046 3256 2258 3305 surgere
2282 3242 2467 3306 perte?
2502 3248 2555 3292 et
2571 3245 2671 3293 hoc
2694 3245 2785 3293 lii).
2800 3249 2850 3292 6.

1791 3325 1900 3370 175.
1934 3323 1949 3350 ‘
1976 3321 2140 3382 Fecit,
2168 3328 2228 3370 ut
2262 3329 2401 3384 ante,
2432 3336 2633 3385 cavam,
2674 3321 2849 3384 docui,

1786 3398 2088 3460 spissescere
2110 3395 2338 3447 nubem.'
2375 3404 2430 3447 et
2454 3402 2502 3446 3.
2526 3401 2639 3446 101.
2672 3397 2690 3426 ‘
2714 3398 2849 3446 Har-

1786 3473 2007 3522 moniam
2024 3473 2190 3534 Graii,
2214 3481 2367 3536 quam
2392 3472 2591 3532 dicunt,
2614 3473 2753 3536 qnod
2780 3471 2852 3520 fa-

1787 3549 1893 3598 ciat
1914 3565 2005 3598 nos
2032 3547 2223 3598 Vivere
2248 3562 2366 3596 cum
2407 3541 2599 3608 sensu‚'
2639 3551 2742 3596 &c.
2786 3549 2849 3596 ad

1788 3625 1939 3688 quem
1964 3627 2131 3674 locum
2154 3626 2305 3688 plura
2328 3624 2566 3686 exempla
2600 3633 2852 3686 congesta

1789 3707 1931 3750 sunt.
1963 3699 2133 3750 Lami».

1851 3779 1947 3825 213
1982 3777 2155 3836 Fulgit
2184 3773 2324 3837 item]
2357 3773 2478 3824 Alia
2510 3786 2669 3825 causa
2684 3773 2855 3838 fulgu-

1786 3851 1875 3914 ris,
1894 3865 1997 3900 non
2022 3851 2326 3920 cujuslibet,
2350 3854 2441 3902 sed
2466 3851 2581 3916 ejus
2614 3852 2753 3916 quod
2788 3851 2851 3900 fit

1786 3926 1894 3975 sine
1920 3935 2137 3977 terrore.
2204 3927 2359 3977 Hunc
2404 3941 2609 3978 versum
2642 3925 2849 3990 profert

1787 4002 1988 4052 Nonius
2014 4004 2065 4052 in
2090 4002 2249 4053 verbo
2270 4007 2284 4030 ‘
2304 4003 2511 4068 fulget!
2532 4004 2698 4054 Lamb.
2732 4005 2851 4053 Μο-

1786 4077 1855 4126 do
1879 4077 2011 4128 dixit
2034 4080 2225 4128 semina
2249 4081 2395 4144 ignis,
2418 4095 2533 4144 quae
2550 4081 2601 4128 in
2622 4080 2848 4128 nubibus

1789 4155 2143 4219 continentur,
2186 4157 2243 4204 vi·
2278 4163 2333 4206 et
2370 4157 2572 4219 impetu
2598 4157 2742 4204 venti
2764 4169 2853 4204 ex·

1786 4230 1973 4294 primi;
1998 4231 2107 4294 ⁸iuni
2146 4247 2252 4281 vss.
2290 4235 2337 4280 5.
2370 4233 2495 4280 licet
2536 4246 2639 4283 non
2678 4233 2850 4294 expri-

1786 4313 2009 4371 muntur,
2030 4315 2201 4357 tamen
2226 4307 2453 4358 diductis
2478 4313 2532 4356 et
2576 4307 2842 4357 distractis

1756 2221 1783 2238 S.
