3200 4959
661 403 834 472 1:28⁰

661 563 850 625 partim
905 566 1105 612 mutant
1151 573 1266 610 eum
1317 560 1714 626 tempestatibus

663 651 762 687 uua
777 637 1088 688 Raucisonos
1121 636 1338 687 cautus?
1375 637 1572 687 Eadem
1595 651 1714 699 vox,

659 727 761 763 nou
787 713 888 762 alia
910 710 976 762 de
997 726 1156 763 eausa
1191 711 1418 776 fortean,
1453 714 1502 762 in
1535 715 1713 777 raptim

657 788 1012 853 degeneravit,
1055 794 1104 839 6.
1149 793 1265 839 851.
1330 788 1467 839 Vide
1507 803 1712 854 quoque

659 865 913 928 Magium,
953 867 1007 916 in
1040 867 1178 916 Face
1210 865 1341 916 Crit.
1371 871 1496 914 tom.
1517 870 1564 916 2.
1588 879 1709 929 pag.

658 945 806 992 1281.
841 949 897 991 et
938 941 1104 1006 ipsum
1144 941 1410 992 Gifauium
1433 942 1484 991 iu
1506 942 1714 1004 Iudice,

656 1020 672 1046 ‘
700 1017 935 1068 Partim?
967 1019 1133 1079 Preig.
1197 1019 1280 1068 De
1302 1018 1510 1068 Parthis
1539 1025 1709 1068 tamen

655 1100 920 1158 utcunque
970 1095 1244 1157 probatum
1287 1094 1438 1143 dabo.
1515 1094 1711 1144 Scribit

639 1171 960 1233 ‘spartianus
981 1171 1034 1220 in
1057 1171 1326 1220 Caracana
1347 1183 1462 1232 cap.
1485 1173 1534 1219 6.
1568 1170 1584 1197 ‘
1604 1171 1711 1222 De-

651 1247 774 1297 hine
819 1262 914 1311 per
951 1247 1198 1297 Cadusios
1233 1245 1362 1296 fines
1395 1252 1452 1294 et
1482 1245 1708 1308 Babylo-

651 1325 764 1373 nios
785 1324 1068 1387 ingressus,
1093 1321 1424 1372 tumuituarie
1439 1336 1555 1372 en·
1578 1321 1709 1370 Par-

651 1399 856 1450 thorum
893 1400 1116 1463 satrapis
1147 1412 1350 1448 manum
1372 1396 1708 1461 contulit,fe-

653 1475 722 1523 rie
745 1475 900 1530 etiam
943 1474 1122 1524 bestiis
1153 1474 1205 1523 in
1239 1474 1410 1524 hostes
1439 1473 1711 1524 immissis!

650 1551 822 1606 Video
843 1551 896 1600 in
919 1551 1161 1613 Parthos,
1185 1565 1286 1600 non
1305 1564 1336 1598 a
1356 1549 1568 1600 Parthis
1589 1550 1705 1598 mis·

651 1640 754 1689 sos,
793 1627 885 1675 sed
928 1625 1128 1676 factum
1171 1633 1342 1675 tamen
1391 1625 1597 1680 videtur
1631 1626 1704 1690 id,

649 1703 784 1768 quod
819 1703 890 1752 ibi
925 1704 1010 1753 vel
1035 1710 1148 1752 erat
1165 1703 1428 1765 usitatum,
1454 1705 1534 1752 vel
1556 1703 1707 1754 factu

647 1793 750 1828 non
793 1777 1006 1828 difficile
1055 1785 1271 1842 propter
1301 1778 1528 1828 seruum
1575 1780 1705 1828 mui-

647 1855 927 1906 titudinem
983 1863 1040 1906 et
1093 1855 1452 1918 magistrorum
1510 1856 1703 1906 ibidem

647 1947 790 1983 usum
812 1948 832 1993 ς
860 1933 1019 1981 ita-ut
1039 1931 1244 1980 omuino
1266 1931 1424 1980 etiarn
1445 1931 1702 1995 quondam

647 2009 723 2057 ita
744 2007 926 2056 Parthi
949 2005 1128 2056 faeere
1146 2006 1425 2070 potuerint,
1447 2021 1574 2070 quos
1595 2021 1701 2057 nou

643 2084 798 2134 aliter
818 2085 1048 2134 nominat
1069 2083 1360 2143 Lueretius,
1383 2097 1538 2147 quam
1560 2085 1701 2147 paul·

641 2161 695 2209 lo
717 2168 840 2210 aute
861 2161 1052 2210 Poenos
1072 2159 1377 2209 introduxit.
1413 2160 1547 2209 Hav-

707 2241 836 2286 1310
873 2237 996 2284 Cum
1012 2235 1280 2284 amoribus
1298 2235 1517 2297 armatis]
1553 2236 1698 2285 Nihil

641 2317 802 2372 muto,
838 2310 1047 2360 tametsi
1085 2324 1278 2372 negare
1329 2323 1434 2358 non
1483 2311 1696 2373 possim,

641 2400 752 2436 eam
775 2385 1100 2455 scripturam,
1119 2399 1238 2448 quae
1261 2385 1314 2434 in
1331 2384 1532 2434 duobus
1552 2386 1698 2436 libris

639 2477 895 2512 manuscr.
939 2460 1219 2524 reperitur,
1271 2462 1392 2510 Cum
1431 2463 1697 2513 doctoribus

637 2538 853 2600 armatis,
871 2540 954 2599 qv.
984 2535 1124 2586 ferri.
1133 2551 1301 2600 posse.
1367 2537 1502 2588 Haec
1523 2541 1697 2590 omnia

637 2615 816 2663 Zoilus
851 2611 1146 2675 assentitur,
1177 2619 1234 2662 et
1279 2612 1493 2676 probat,
1535 2621 1693 2679 atque

637 2692 769 2740 adeo
809 2690 1028 2754 excipit,
1071 2695 1126 2740 et
1165 2689 1344 2751 iterat,
1375 2697 1434 2740 ut
1474 2691 1694 2744 dictata.

633 2767 802 2816 Lam&
865 2766 931 2816 In
945 2772 1050 2815 vet.
1067 2765 1394 2830 quibusdam,
1409 2769 1691 2820 docem-ibus.

635 2842 930 2907 Utrumque
949 2851 1112 2892 recte.
1149 2842 1323 2902 Οὕτω.

699 2923 826 2968 1311
863 2919 961 2974 Qui
977 2919 1267 2968 moderarier
1279 2917 1377 2981 his]
1411 2918 1689 2969 Henelec-

632 2993 826 3044 tionem
847 2993 1034 3057 probo,
1069 2994 1300 3056 quamvis
1317 2994 1544 3043 nonnulli
1567 2995 1688 3045 iibri

631 3069 882 3133 babeant,
927 3069 1026 3126 Qui
1054 3070 1346 3120 moderarier
1378 3071 1462 3120 bos
1479 3078 1689 3134 ponent.

697 3152 828 3198 1812
859 3147 1102 3196 Per-mista
1145 3148 1273 3196 eade
1308 3147 1532 3210 colentes]
1595 3149 1686 3198 Sic

628 3238 742 3287 sup.
763 3227 813 3273 3.
835 3227 950 3274 64³.
981 3224 999 3252 ⁴
1015 3223 1170 3286 Saepe
1206 3223 1283 3273 ita
1304 3222 1546 3273 desubito
1568 3237 1684 3287 per-

629 3302 783 3350 mista
805 3301 952 3350 eaede
973 3299 1245 3365 eaientes,’
1265 3304 1366 3350 ὅτε.
1409 3300 1576 3350 Lamb.

694 3379 822 3425 1314
854 3376 1104 3440 Ternsscas
1148 3377 1372 3439 capitum,
1423 3376 1531 3439 ξω]
1592 3377 1683 3428 Sic

624 3465 738 3513 sup.
762 3455 810 3500 2.
834 3453 950 3500 632.
985 3450 1292 3499 ‘Terrifieas
1313 3451 1540 3513 capitum
1559 3467 1684 3514 qua·

626 3526 820 3575 tientes
841 3525 1046 3574 numine
1068 3523 1294 3574 cristas?
1319 3525 1481 3576 Lamb.
1525 3526 1683 3577 Hune

623 3615 826 3651 versum
871 3601 1054 3651 abesse
1109 3602 1228 3650 hine
1267 3602 1455 3662 velim3
1509 3616 1681 3667 neque

621 3677 758 3726 enim
795 3675 950 3724 facile
985 3676 1295 3726 crediderim
1331 3676 1516 3726 cristas
1538 3678 1679 3741 capi-

623 3751 758 3800 tibus
795 3752 1000 3800 leonum
1037 3766 1280 3802 annexas.
1363 3751 1506 3801 Alibi
1551 3752 1681 3816 legi·

621 3834 726 3890 tur,
747 3826 838 3876 sed
861 3840 952 3876 sno
973 3827 1121 3888 10003
1147 3834 1202 3877 et
1223 3843 1324 3877 una
1343 3843 1470 3878 voce
1495 3829 1679 3894 variat,

619 3918 737 3967 quae
779 3915 1008 3952 errorem
1046 3904 1243 3953 nasutis
1277 3902 1564 3954 homiuibus
1597 3921 1677 3956 os-

617 3978 834 4040 tendat3
864 3981 880 4008 ⁴
898 3978 1174 4028 Terrificas
1191 3981 1422 4044 capitum
1440 3984 1675 4048 quatien-

613 4063 694 4104 tes
713 4057 920 4104 numine
939 4055 1161 4107 cristas!
1196 4056 1372 4108 Faber.

681 4135 810 4180 1316
864 4133 1084 4196 Pectora]
1155 4135 1385 4184 Iaeonu-
1441 4144 1673 4202 pectora,

613 4221 862 4272 equorum
897 4209 1096 4259 hinnitu
1129 4216 1185 4260 et
1217 4210 1430 4264 fremitu
1467 4223 1670 4278 perter-

1359 419 1574 468 No'rAE
1622 418 2022 468 vAaloRtJM
2072 418 2151 466 IN

1788 561 1923 612 enda
1950 563 2055 610 erit
2086 562 2491 625 καταχρηπικῦς,
2542 573 2642 624 pro
2676 565 2843 610 reete-

1788 638 1933 688 ribns
1954 639 2180 699 leonum,
2216 648 2273 688 et
2294 649 2389 701 pro
2412 637 2472 684 iis
2498 635 2583 700 qui
2607 635 2845 685 leonibus

1742 711 1750 722 ‘
1784 715 2092 778 insidentes,
2124 729 2213 765 eos
2256 725 2447 778 regunt
2476 728 2539 764 ac
2580 713 2850 764 moderan-

1786 797 1889 840 tur.
1911 797 1967 840 et
1990 805 2085 854 per
2112 789 2129 818 ‘
2147 788 2431 840 fremitum'
2466 803 2717 854 equorum
2736 788 2847 838 bin-

1786 865 1927 914 nitus
1963 865 2066 914 erit
2104 864 2490 928 intelligendus.
2521 865 2607 914 vel
2638 862 2727 912 dic
2748 863 2846 914 hoc

1785 942 1939 992 modo
1972 942 2212 1005 proprie:
2248 955 2415 1005 neque
2448 940 2654 1005 equites
2694 946 2844 1003 pote-

1784 1024 1903 1069 rant
1918 1031 2185 1081 equorum,
2196 1016 2380 1081 quibus
2392 1015 2708 1078 insidebant,
2719 1029 2844 1079 pec-

1785 1100 1897 1143 tora
1910 1095 2157 1149 mulcere,
2168 1093 2447 1155 perterrita
2460 1095 2475 1120 ⁴
2488 1089 2738 1150 fremitu‚’
2749 1091 2783 1142 i.
2794 1105 2843 1141 e.

1782 1169 1954 1232 rugitu
1971 1169 2202 1218 leonum:
2223 1168 2239 1196 ‘
2258 1165 2675 1231 pectora'autem
2695 1168 2709 1193 ‘
2726 1181 2844 1230 per-

1782 1243 2002 1305 territa,'
2038 1244 2069 1294 i.
2106 1258 2157 1293 e.
2192 1244 2388 1292 animos
2420 1244 2751 1307 perterritos.
2787 1249 2845 1292 et

1782 1335 1885 1370 non
1910 1327 2153 1384 poterant
2174 1334 2333 1385 equos
2346 1318 2511 1369 frenis
2530 1328 2841 1372 convertere

1780 1396 1835 1444 in
1858 1395 2069 1446 besteis.
2134 1397 2252 1448 Quo
2286 1395 2465 1458 fiebat,
2499 1404 2560 1446 ut
2597 1405 2711 1447 tota
2732 1405 2841 1448 tur-

1780 1471 1995 1522 baretur
2016 1471 2172 1534 acies,
2192 1473 2331 1537 iique
2350 1474 2437 1537 qui
2456 1474 2635 1522 leones
2658 1475 2713 1523 in
2736 1475 2841 1526 aei-

1780 1563 1861 1598 em
1885 1549 2260 1613 produxerant,
2299 1552 2395 1614 ipsi
2432 1552 2535 1602 sibi
2568 1553 2685 1615 plus
2716 1553 2841 1603 mali

1780 1623 1987 1688 darent,
2006 1639 2161 1690 quam
2196 1627 2429 1678 hostibus
2462 1627 2655 1677 inferre
2688 1633 2841 1692 potu·

1774 1702 1942 1754 issent
1963 1722 1980 1755 z
2012 1712 2171 1769 atque
2204 1707 2333 1755 adeo
2356 1707 2459 1754 suis
2480 1705 2583 1770 ipsi
2605 1705 2763 1756 armis
2784 1712 2839 1756 et

1779 1778 2001 1830 inventis
2026 1783 2277 1844 perirent.
2308 1782 2480 1832 Lumb.

1842 1860 1969 1906 1817
2000 1859 2137 1922 Leoe]
2154 1861 2379 1908 Leonum
2403 1858 2645 1910 faeminae.
2662 1860 2837 1910 [aab.

1840 1936 1969 1984 1318
2004 1935 2107 1984 Ora
2123 1935 2369 1998 petebant]
2422 1936 2511 1984 Sic
2533 1936 2832 2000 legendum,

1768 2021 1877 2058 non
1895 2010 2137 2072 putebant.
2204 2013 2300 2062 Est
2320 2011 2453 2060 euim
2470 2011 2555 2060 hic
2570 2011 2697 2061 ordo
2718 2025 2833 2061 ver·-

1775 2085 1985 2136 borum:
2020 2087 2091 2136 Et
2114 2088 2209 2137 ieoe
2228 2087 2517 2136 homiuibus
2530 2088 2693 2137 etiam
2707 2089 2834 2152 suis,

1772 2161 2049 2211 adversum
2072 2163 2412 2222 venientibus,
2434 2177 2525 2213 ora
2552 2170 2609 2211 et
2644 2162 2833 2214 faciem

1768 2237 2111 2299 appetebant.
2128 2239 2294 2288 Lumb.
2349 2239 2601 2290 Patebeutt.
2617 2238 2703 2287 Ita
2721 2245 2838 2289 vet.-

1769 2311 1921 2372 iibri3
1955 2320 2119 2366 recte.
2186 2315 2249 2364 ln
2280 2315 2413 2379 aliis,
2444 2316 2679 2380 petebant.
2710 2317 2829 2366 Ma·

1770 2387 1949 2438 ruilus.
1984 2389 2159 2448 Gifan«

1806 2467 1935 2512 1319
1964 2464 2011 2514 Δ
2058 2471 2193 2528 tergo
2234 2466 2551 2530 deripiebant]
2600 2467 2673 2518 Hi
2723 2467 2835 2520 duo·

1772 2551 1949 2590 versus
1989 2549 2106 2590 sunt
2138 2543 2365 2605 obscuri,
2406 2552 2462 2592 et
2514 2543 2826 2595 desiderant

1766 2616 2119 2678 explanaturis
2132 2617 2457 2682 diligentiam
2475 2637 2489 2669 ι
2510 2637 2540 2670 a
2558 2635 2641 2670 me
2664 2622 2830 2672 brevi-

1769 2699 1853 2742 ter
1894 2695 2233 2752 attingeutur.
2279 2697 2348 2744 Et
2384 2712 2469 2746 nee
2508 2699 2759 2760 opinantes
2786 2715 2822 2748 a

1764 2774 1903 2830 tergo
1954 2770 2257 2833 diripiebant.
2313 2774 2347 2822 ἰ.
2398 2789 2447 2822 e.
2495 2775 2821 2836 lacerabant,

1764 2861 2155 2910 qumqmmme
2192 2848 2313 2912 quid
2350 2849 2687 2914 dissimulem,
2722 2866 2823 2902 nen

1764 2921 1956 2972 invitus
1972 2924 2187 2986 legerim
2206 2926 2520 2990 deripiebant,
2544 2927 2577 2977 i.
2602 2943 2648 2980 e.
2671 2928 2821 2978 deer-

1764 3012 1878 3048 sum
1900 2999 2180 3063 rapiebant
2201 3008 2257 3051 et
2278 3001 2641 3052 detrahebant.
2670 3007 2687 3032 ‘
2712 3003 2819 3053 De·

1762 3075 1950 3138 plexae’
1968 3082 2139 3126 autem
2158 3077 2357 3127 suntde
2370 3080 2447 3128 eis
2462 3077 2819 3142 dependentes

1760 3150 1943 3215 eisque
1978 3153 2279 3216 implicata.
2346 3155 2433 3204 Sic
2454 3155 2591 3204 duim
2614 3156 2813 3206 assilie-

1760 3224 1905 3288 bant,
1940 3234 1999 3278 ut
2022 3227 2195 3278 infixis
2231 3231 2487 3294 unguibus
2502 3230 2567 3280 de
2592 3233 2667 3282 eis
2689 3247 2819 3296 peu·

1758 3302 1962 3366 derent,
1984 3313 2041 3354 et
2059 3321 2149 3356 eos
2166 3305 2406 3357 deorsum
2422 3307 2701 3360 detrahere
2734 3323 2820 3360 eo·

1756 3386 2037 3442 narentur3
2068 3380 2227 3446 idque
2258 3390 2343 3433 est
2380 3386 2397 3411 ‘
2416 3383 2699 3448 deplexum
2736 3403 2817 3436 es-

1756 3453 1853 3517 se,’
1875 3471 1991 3506 eum
2026 3456 2141 3506 ‘de'
2174 3457 2312 3509 infra
2349 3458 2691 3526 deorsumque
2714 3464 2819 3527 sig·

1756 3531 1957 3583 nificat.
1994 3534 2195 3584 Tur-neb.
2219 3537 2345 3586 Ado.
2366 3539 2449 3586 3⁰.
2470 3541 2553 3586 22.

1811 3613 1939 3660 1320
1954 3611 2295 3675 Deplexoeque]
2310 3612 2399 3662 Sie
2419 3613 2615 3663 hebent
2632 3628 2812 3664 omues

1752 3685 1873 3736 libri
1892 3695 1950 3737 et
1964 3703 2223 3739 manuscr.
2236 3697 2291 3740 et
2304 3691 2444 3755 typis
2462 3692 2655 3742 excusi.
2674 3693 2813 3744 Qum

1753 3763 2009 3827 scriptura
2030 3765 2071 3813 si
2092 3773 2239 3816 recta
2252 3775 2308 3815 et
2328 3781 2450 3816 vera
2466 3775 2567 3829 est,
2582 3769 2811 3830 cleptem,

1749 3838 1847 3889 boe
1889 3847 1968 3890 est
1991 3841 2231 3905 deligatae
2255 3849 2312 3892 et
2343 3843 2545 3893 solutae.
2580 3845 2673 3893 sed
2694 3845 2809 3909 qui-

1750 3913 1867 3964 dem
1887 3917 1991 3980 legi
2018 3919 2197 3967 volunt
2212 3920 2423 3981 depexoe,
2442 3919 2477 3969 i.
2495 3933 2542 3969 e.
2563 3920 2811 3981 horride,

1749 4003 1841 4040 seu
1862 3992 2073 4052 laeerae,
2094 3993 2202 4042 κατ’
2233 3993 2537 4059 ἅπίφρασινι
2577 4003 2638 4044 ut
2665 3995 2808 4060 apud

1744 4066 1868 4114 Ter.
1910 4066 2105 4118 Heaut.
2144 4076 2192 4118 5.
2215 4076 2263 4122 1.
2284 4075 2368 4121 77.
2400 4071 2565 4121 ‘adeo
2588 4086 2807 4122 exorna-

1746 4148 1857 4191 tum
1880 4142 2037 4204 dabo,
2060 4144 2213 4195 Adeo
2242 4146 2523 4210 depexum,
2560 4153 2641 4210 ut,
2674 4146 2803 4198 dum

1742 4219 1901 4283 vivat,
1922 4221 2218 4272 meminerit
2238 4237 2447 4287 semper
2468 4223 2609 4273 mei.'
2662 4225 2715 4274 N
2720 4239 2805 4275 am

613 4285 743 4335 rita:
770 4291 926 4352 atque
955 4285 1032 4337 ita
1071 4300 1174 4340 vox.
1201 4289 1218 4316 ‘
1238 4289 1458 4353 equites’
1477 4292 1669 4357 aecipi-
1740 4299 1755 4329 ί
1778 4299 2029 4364 depexus’
2051 4311 2277 4356 comtum
2296 4312 2363 4356 et·
2381 4307 2579 4357 cultum
2604 4305 2803 4373 signifi-
