3200 4959
603 394 780 461 1434

603 550 824 605 diversis
843 550 1059 601 colorib.
1093 550 1314 602 intextis
1350 553 1528 615 pictae.
1592 552 1657 601 In

607 627 843 677 vocabul.
867 627 1276 678 Latino-Graeco
1299 629 1558 677 Manuscr.
1581 629 1659 677 sic

605 702 936 765 explicatur:
1002 702 1018 729 ‘
1033 702 1428 765 Babylonicum,
1460 702 1656 762 πολύμι-

603 776 722 841 ·ros,’
765 776 804 826 i.
829 791 879 826 e.
925 778 1081 827 vestis
1124 778 1223 827 filis
1261 778 1660 829 versicoloribus⁴

609 855 870 903 contexta.
955 853 1130 903 Plant.
1166 854 1344 903 Sticho
1388 859 1439 904 2.
1478 858 1528 904 2.
1575 857 1659 903 64.

607 930 622 956 ‘
644 929 772 978 Tum
798 928 1115 991 Babylonica
1135 928 1517 991 peristromata,
1535 943 1659 977 con-

607 1004 1088 1069 sutaque‚tapetia.'
1133 1005 1272 1053 Plin.
1290 1008 1336 1053 8.
1369 1008 1454 1053 48.
1517 1006 1533 1032 ‘
1558 1004 1657 1053 Co·

606 1081 740 1129 iores
759 1079 993 1128 diversos
1029 1079 1246 1143 picturae
1282 1080 1520 1129 intexere
1555 1080 1657 1128 Ba-

607 1155 762 1219 bylon
788 1156 1012 1205 maxime
1053 1156 1355 1218 celebravit,
1383 1162 1438 1205 et
1475 1170 1657 1205 nomen

606 1231 884 1295 imposuit!
917 1230 1174 1281 Martialis
1208 1235 1256 1281 8.
1281 1234 1363 1281 28.
1399 1230 1661 1294 ‘Babylo-

607 1308 698 1365 nia
734 1308 876 1369 picta
897 1307 1120 1371 superbe
1151 1308 1337 1368 Texta,
1360 1307 1659 1355 Semiramis

607 1396 724 1447 qnae
751 1381 1017 1431 variantur
1039 1381 1170 1430 acu.'
1201 1381 1370 1430 Lamb.
1436 1381 1659 1444 Babylo·

606 1456 726 1506 nica
749 1458 950 1520 tapetia
981 1455 1252 1517 magnifica
1275 1463 1331 1506 et
1367 1456 1658 1520 splendida,

606 1536 666 1583 nt
687 1532 824 1594 apud
845 1531 994 1593 Virg.
1043 1534 1059 1560 ‘
1080 1532 1252 1595 Equos
1285 1532 1558 1593 splendore
1581 1532 1667 1585 ni-

605 1606 746 1667 vali,'
767 1607 818 1656 in
841 1606 957 1655 AEn.
980 1610 1030 1656 8.
1054 1610 1169 1656 688.
1205 1607 1377 1656 Faber.

672 1684 796 1731 1023
832 1680 1106 1743 Rigantur]
1129 1682 1285 1731 Lotio
1305 1695 1659 1747 conspergun—

609 1764 695 1807 tur
715 1772 746 1807 a
769 1758 943 1820 pneris
965 1756 1354 1807 somniantibus.
1388 1759 1552 1809 [Δηώ.

674 1836 800 1885 1024
834 1833 971 1895 M,
988 1832 1152 1894 quibus
1184 1833 1515 1896 oetatnfreta]
1529 1837 1659 1885 Tum

604 1908 966 1959 adolescentes
997 1908 1214 1973 (inquit)
1233 1910 1420 1972 quibus
1455 1910 1661 1972 ‘freta‚’

602 1986 640 2035 i.
659 2000 711 2035 e.
731 1992 908 2048 aestus,
922 1991 978 2034 et
997 1983 1228 2034 fervores
1248 1986 1417 2035 oetatis
1441 1986 1663 2049 primum

603 2060 952 2122 insinuantur,
993 2063 1089 2110 διο.
1129 2061 1163 2109 i.
1185 2074 1234 2111 e.
1274 2062 1660 2126 qui‘incipiunt

606 2136 760 2188 rebus
777 2136 1025 2187 Venereis
1043 2136 1213 2187 idonei
1237 2152 1369 2187 esse.
1404 2139 1420 2167 ‘
1433 2138 1663 2188 Fretnm’

604 2212 802 2277 (inquit
838 2211 1027 2275 Varro)
1067 2214 1136 2261 ‘a
1175 2214 1507 2265 similitudine
1559 2214 1663 2263 fer·

606 2286 773 2334 ventis
791 2298 956 2349 aquae,
969 2287 1105 2350 quod
1117 2286 1170 2336 in
1184 2286 1374 2338 fretum
1387 2305 1527 2354 saepe
1539 2306 1664 2340 con-

603 2369 785 2421 currat
797 2363 1663 2428 aestus,atqueeffervescat.'lmnb.

609 2437 798 2496 AEtatis
823 2446 982 2488 aestus
1005 2448 1062 2489 et
1091 2438 1286 2502 fervor,
1311 2440 1664 2492 adolescentia

613 2514 834 2567 scilicet.
871 2514 1044 2563 Faber.
1111 2515 1218 2565 Ubi
1235 2517 1443 2581 qnidam
1468 2518 1665 2567 Lucre-

606 2590 670 2641 tii
704 2590 1099 2652 immodestiam,
1121 2590 1192 2640 ibi
1215 2606 1314 2651 ego
1337 2592 1472 2641 illius
1495 2601 1663 2643 artem

607 2680 836 2729 agnosco
859 2673 914 2715 et
935 2666 1196 2730 suspicio:
1235 2682 1401 2733 neque
1425 2668 1663 2732 profecto

608 2741 700 2791 ille
730 2756 954 2805 unquam
975 2741 1167 2805 aliquid
1187 2740 1251 2791 de
1273 2743 1562 2805 hujusmodi
1586 2743 1666 2791 in·

610 2818 842 2873 somniis,
884 2816 985 2865 nisi
1020 2817 1086 2865 ad
1126 2818 1539 2870 connectendam
1582 2833 1666 2868 se-

607 2900 855 2958 quentem
886 2892 952 2941 de
976 2892 1188 2941 libidine
1212 2900 1266 2942 et
1295 2908 1466 2943 amore
1490 2895 1663 2957 dispu-

608 2967 858 3018 tationem
896 2968 1188 3015 necessaria
1232 2966 1416 3016 fuisset
1450 2969 1664 3018 istorum

617 3040 918 3106 explicatio.
955 3040 1149 3091 Creech.

608 3174 612 3179 ³
675 3121 800 3166 1026
836 3117 952 3179 Ipsa
971 3117 1092 3181 dies]
1124 3117 1338 3167 Matura
1371 3116 1525 3167 rebus
1557 3119 1663 3169 Ve-

585 3194 786 3243 'nereis
810 3201 956 3243 aetss.
991 3193 1160 3244 Faber.

625 3312 632 3319 .
681 3272 812 3319 1026
849 3269 896 3317 Ε
910 3284 1102 3332 corpore
1123 3270 1320 3333 quoque]
1355 3270 1444 3319 Ita
1465 3285 1530 3320 ex
1555 3277 1662 3320 vet.

609 3343 758 3401 libris
795 3344 1018 3391 restitui.
1082 3344 1146 3393 In
1182 3346 1296 3394 aliis
1339 3346 1666 3411 quibusdam,

609 3432 803 3481 quoque.
890 3417 956 3465 In
1019 3417 1150 3481 aliis,
1210 3434 1420 3481 queque.
1484 3420 1666 3471 Gifan.

609 3496 811 3556 Corpus
840 3506 1060 3556 persona
1086 3498 1180 3554 est,
1202 3493 1219 3522 ‘
1238 3495 1442 3545 Salvete
1465 3497 1665 3558 optima

609 3567 872 3631 corpora.’
900 3566 1116 3615 Ennius.
1154 3568 1324 3617 Faber·

675 3646 802 3693 1027
841 3641 1027 3691 Nuntia
1067 3642 1290 3703 preclari
1321 3643 1495 3707 volites]
1532 3644 1580 3706 1,
1613 3660 1659 3707 e,

611 3733 730 3783 qnae
751 3716 987 3766 nuntium
1011 3714 1192 3765 sormoe
1217 3718 1434 3781 alicujus
1459 3720 1665 3770 eximias

609 3794 674 3841 ad
719 3806 895 3841 eorum
937 3792 1131 3840 animos
1170 3792 1220 3841 in
1262 3796 1448 3843 somnis
1487 3795 1661 3859 perfe—

611 3875 750 3918 runt.
789 3868 993 3929 Nuntia,
1014 3867 1049 3916 i.
1067 3881 1112 3916 e.
1131 3869 1450 3918 nuntiantia:
1488 3869 1663 3933 adjec-

611 3944 775 3995 tivum
801 3950 902 4003 est,
925 3943 1150 4005 nuntius,
1171 3958 1222 4006 a,
1245 3958 1347 3994 um.
1379 3946 1545 3995 [Δηώ.

676 4022 804 4067 1028
841 4017 941 4073 Qui
962 4016 1080 4079 ciet]
1114 4018 1217 4069 Qui
1241 4020 1410 4067 vultus
1428 4021 1667 4089 eximius,

607 4092 799 4158 quique
820 4094 966 4143 color
998 4093 1210 4155 pulcher
1230 4102 1519 4145 commovet
1548 4097 1662 4145 irri-

606 4169 768 4221 tando
787 4169 920 4229 loca,
942 4168 997 4216 in
1019 4168 1204 4231 quibus
1229 4170 1365 4219 inest
1386 4185 1561 4223 semen
1585 4173 1662 4222 vi·-

607 4244 722 4296 rile.
789 4242 922 4293 Nam
942 4256 1038 4308 per
1061 4246 1074 4271 ⁸
1092 4242 1222 4294 loca’
1240 4245 1468 4298 hocloco
1491 4248 1665 4300 sedeis

1303 409 1518 459 1401·AE
1565 408 1965 457 vammum
2016 408 2092 456 ΙΝ

1716 566 1821 606 -eas
1844 550 2059 612 virileis,
2081 550 2133 600 in
2150 564 2276 615 quas
2298 563 2481 600 semen
2504 549 2661 599 virile
2665 548 2789 613 jam-

1730 633 2058 686 concoctum,
2076 633 2131 675 et
2157 625 2224 675 ad
2258 626 2572 689 gignendum
2600 636 2783 691 aptum

1730 700 2001 764 confluxit,
2036 700 2311 763 significat.
2379 701 2509 751 Aliis
2540 716 2636 766 per
2676 703 2783 750 ‘lo-

1731 776 1812 828 ca’
1831 778 1994 841 magis
2019 779 2228 841 proprie
2258 779 2491 829 membra
2514 779 2791 829 muliebria
2880 815 2892 821 -

1732 853 2099 917 significantur.
2154 852 2289 901 infra
2336 854 2451 903 eod.
2504 854 2594 905 lib.
2634 858 2786 905 1260.

1730 930 1747 957 ‘
1768 930 1889 994 quia
1904 930 1980 979 sic
2000 931 2114 979 loca
2135 944 2335 979 sumere
2358 937 2575 994 possunt
2590 931 2782 982 Pecto-

1734 1006 1873 1054 ribus
1898 1004 2121 1067 positis.’
2142 1006 2261 1053 eod.
2282 1005 2377 1054 lib.
2401 1009 2545 1055 1268.
2585 1008 2601 1034 ‘
2626 1014 2783 1069 atque

1732 1082 1856 1143 lot-is
1876 1082 2069 1129 avertit
2090 1080 2295 1129 seminis
2316 1079 2515 1129 ictum.’
2547 1080 2717 1135 Lamb.

1798 1154 2035 1217 Tumida]
2056 1155 2279 1205 Seminis
2302 1162 2359 1205 et
2380 1154 2592 1218 spiritus
2612 1157 2783 1219 plena.

1733 1232 1864 1283 Hor.
1881 1232 1991 1281 Sat·
2008 1236 2057 1281 2.
2080 1236 2131 1281 7.
2148 1235 2229 1281 49.
2260 1233 2276 1259 ⁶
2296 1230 2573 1293 Turgeutis
2602 1230 2787 1297 verber

1734 1321 1789 1358 ra
1832 1304 2045 1355 caudae!
2078 1305 2244 1354 Lamb-
2288 1305 2493 1368 Saepius
2527 1305 2593 1361 de
2634 1306 2791 1355 muli--

1733 1396 1839 1444 ere,
1860 1396 2012 1445 quam
2033 1380 2097 1429 de
2114 1381 2224 1429 viro
2244 1381 2489 1432 occurrit.
2524 1380 2701 1431 Faber.

1798 1461 1926 1506 1020
1964 1457 2031 1505 Ut
2051 1456 2185 1519 quasi
2206 1455 2483 1518 tramactis]
2534 1454 2686 1507 Adeo
2708 1462 2787 1519 ut,
2808 1508 2817 1513 ,

1730 1532 1878 1597 quasi
1898 1547 1953 1581 re
1969 1532 2210 1581 Venerea
2230 1538 2512 1594 transacta,
2535 1532 2675 1582 etad
2699 1548 2791 1593 ευ,
2822 1536 2827 1539 ’

1732 1614 1950 1657 tremum
1973 1609 2241 1671 perducta,
2260 1606 2573 1670 profundant
2589 1621 2783 1675 semen.

1731 1682 1942 1732 Persica.
1960 1690 2133 1731 autem
2156 1682 2295 1732 dicta
2316 1691 2397 1732 est
2417 1697 2481 1733 ea
2502 1684 2633 1746 Dea,
2666 1699 2783 1748 quas

1732 1771 1841 1806 rem
1884 1758 2173 1806 veneream
2222 1757 2459 1821 perficit:
2515 1765 2574 1808 ut
2620 1773 2793 1825 supra,

1732 1832 1973 1883 diximus.
2018 1828 2342 1897 δεονειρωγμὶιν
2372 1847 2545 1897 porro,
2578 1835 2617 1883 i.
2639 1848 2689 1883 e.
2711 1848 2791 1881 sc-

1734 1907 1883 1957 minis
1906 1906 2250 1970 profusionem
2286 1918 2611 1971 nocturnam,
2640 1916 2697 1959 et
2728 1908 2781 1959 in

1734 1983 1923 2031 somnis
1959 1981 2174 2045 factam,
2210 1982 2465 2046 significat
2500 1986 2653 2035 tectis
2673 2000 2787 2034 ver-

1737 2059 1845 2108 bis:
1889 2072 2039 2122 quam
2083 2058 2331 2108 describit
2367 2059 2557 2109 Horat.
2592 2060 2784 2123 simpli-

1735 2134 1844 2185 cius
1886 2135 1999 2183 Sat.
2036 2137 2079 2181 l.
2117 2140 2165 2182 6.
2207 2137 2287 2183 82.
2335 2137 2571 2183 ‘somnus
2610 2140 2791 2189 tamen

1735 2208 1905 2258 aufert
1957 2208 2221 2257 Intentum
2264 2210 2493 2261 Veneri:
2538 2217 2645 2259 tum
2687 2210 2785 2259 im·

1734 2284 1926 2335 mundo
1951 2285 2146 2333 somnia
2169 2285 2279 2333 visu
2315 2285 2635 2334 Nocturnum
2665 2300 2782 2334 ves·

1736 2367 1840 2409 tem
1864 2362 2147 2425 maculant,
2160 2368 2496 2424 ventremque
2512 2361 2784 2426 supinum!

1734 2434 1900 2485 Lamb.
1967 2436 2125 2486 Quasi
2144 2434 2235 2495 τὴν
2252 2435 2532 2501 Ἀφροδίτην
2562 2434 2787 2499 τελέσειν·

1734 2528 1831 2573 τες,
1876 2510 1952 2561 nti
1987 2512 2235 2577 optimum
2274 2513 2600 2577 scriptorem,
2623 2521 2678 2564 et
2699 2513 2785 2563 ha·

1736 2602 1847 2637 rum
1892 2600 2061 2637 rerum
2095 2589 2342 2652 peritum,
2387 2589 2525 2653 loqui
2582 2590 2786 2643 scimus.

1739 2664 1905 2713 Faber.
1955 2664 2255 2713 Theocritus
2296 2664 2452 2728 Idyll.
2484 2668 2534 2715 2.
2575 2669 2685 2717 143.
2710 2666 2785 2713 Ἐ-

1736 2736 1927 2807 πράχθη
1944 2738 2008 2787 τὰ
2026 2737 2247 2801 μέγιστα.
2282 2742 2477 2791 Creech.

1800 2820 1927 2864 1030
1960 2817 2008 2863 F
2007 2816 2199 2865 laminis
2238 2817 2475 2879 ingestas
2500 2816 2707 2881 fluetus]
2734 2816 2785 2867 1.

1734 2904 1782 2939 e.
1817 2904 2055 2952 magnam
2086 2891 2287 2954 copiam
2320 2893 2527 2941 seminis
2565 2892 2789 2945 fluentis.

1735 2965 1958 3025 Quidam
2002 2972 2177 3015 tamen
2226 2966 2499 3029 legendum
2550 2976 2785 3028 censent,

1735 3039 1946 3089 Seminis
1976 3040 2208 3101 ingenteis
2230 3042 2428 3105 fluctus.
2490 3041 2664 3107 Atque
2685 3042 2785 3091 hoc

1736 3115 1941 3179 quidem
1980 3117 2132 3165 modo
2176 3118 2229 3167 in
2267 3132 2373 3169 sec.
2404 3118 2487 3168 ed.
2532 3118 2787 3173 edendnm

1735 3192 1930 3244 curavi.
1992 3193 2146 3241 Nunc
2170 3207 2291 3243 vero
2314 3201 2543 3243 veterem
2569 3195 2788 3258 scriptu·

1736 3281 1867 3328 ram,
1903 3274 1958 3325 et
1981 3275 2241 3331 receptam
2281 3270 2499 3330 retineo,
2536 3271 2787 3327 Fluminis,

1735 3343 2035 3394 existimans
2070 3345 2265 3394 dictum
2304 3359 2335 3394 a
2372 3346 2527 3395 Lucr.
2570 3343 2788 3395 ‘fluctus

1735 3416 1977 3467 fluminis'
2012 3419 2335 3482 ὑπερβολικῶς,
2371 3433 2465 3482 pro
2505 3420 2667 3469 multo
2710 3433 2789 3471 ses

1738 3493 1877 3543 mine
1898 3492 2105 3543 flumen.
2172 3495 2259 3543 Sic
2276 3494 2388 3543 fere
2405 3498 2453 3543 2.
2474 3498 2590 3555 364.
2623 3495 2639 3523 ‘
2656 3496 2785 3544 San-

1737 3568 1903 3631 guinis
1938 3569 2204 3631 exspirans
2236 3568 2455 3618 calidum
2488 3568 2553 3618 de
2574 3576 2794 3633 pectore

1736 3640 1963 3690 flumen.’
1993 3642 2159 3691 Lamb.
2211 3641 2509 3705 Legendum
2534 3651 2789 3706 putarem,

1737 3718 1961 3779 Seminis,
2000 3725 2091 3767 aut
2125 3718 2371 3769 Flaminis.
2434 3717 2539 3766 Sed
2574 3731 2605 3766 a
2640 3717 2786 3767 libris

1736 3808 1835 3843 nou
1860 3795 2016 3842 ausim
2043 3794 2303 3844 recedere.
2390 3792 2495 3843 Inf.
2518 3795 2677 3857 ctiam
2698 3809 2791 3866 72²·-

1737 3868 1921 3917 riatum
1946 3876 2043 3928 est,
2057 3872 2106 3917 6.
2126 3872 2266 3918 1061.
2307 3868 2415 3925 Gis.

1802 3947 1928 3992 1030
1966 3942 2246 4005 Cruentent]
2295 3942 2341 3990 1.
2366 3956 2412 3991 e.
2437 3942 2691 4004 polluant,
2710 3940 2789 3993 in·.

1738 4022 1969 4087 quinent,
2005 4030 2059 4070 et
2102 4022 2393 4072 maculent:
2439 4035 2615 4070 semen
2650 4022 2788 4071 enim

1736 4097 1903 4157 virile,
1942 4097 2147 4160 sanguis
2200 4106 2314 4147 est:
2366 4098 2571 4159 sanguis
2613 4105 2787 4153 autem

1734 4175 1751 4201 ⁴
1772 4171 2047 4234 cruentat,'
2069 4171 2103 4222 i.
2128 4185 2173 4224 e.
2190 4172 2524 4234 contaminat,
2546 4179 2603 4237 et
2619 4172 2787 4234 inqui-

1734 4255 1854 4299 natz
1890 4262 1956 4298 ex
1979 4260 2079 4315 qno
2111 4248 2125 4275 ‘
2144 4247 2431 4297 cruentum’
2466 4262 2563 4314 pro
2588 4236 2789 4315 impuro
