3200 4959
638 420 817 493 1714

644 589 869 655 φέροντας
897 588 1113 651 ὦφελεῖν.
1146 585 1182 641 l.
1208 600 1257 636 e.
1309 588 1325 617 ⁶
1341 584 1704 637 Moriebantm·

644 674 817 717 autem
864 667 951 719 alii
996 665 1213 725 incuria,
1253 664 1341 712 alii
1383 663 1543 712 etiam
1586 674 1704 710 cum

640 742 872 806 studiose
894 745 1217 797 curarentur,
1247 740 1553 802 nullumque
1592 735 1705 786 fere

646 824 847 866 certum
882 814 984 865 fuit
1016 814 1322 877 remedium,
1346 812 1481 879 quod
1506 811 1706 861 adbibi-

647 900 755 943 tum
782 890 1070 955 profuerit.²
1100 890 1272 939 Lamb.

712 971 837 1017 1226
876 968 1024 1028 Nam,
1046 968 1167 1029 quod
1188 965 1299 1013 aliis
1317 962 1537 1025 dederat]
1569 961 1707 1010 'rhu-

644 1040 761 1105 cyd.
785 1040 850 1089 Τὸ
874 1040 967 1105 γὰρ
993 1042 1061 1101 τῷ
1081 1038 1381 1101 evveus-rubr,
1403 1037 1552 1087 ἄλλον
1565 1038 1708 1088 τοῦτο

645 1115 871 1174 ἔβλαπτε.
908 1118 941 1167 i.
955 1131 1000 1166 e.
1035 1117 1051 1144 ‘
1070 1117 1205 1166 Nam
1236 1115 1371 1181 quod
1399 1114 1552 1163 alicui
1588 1126 1710 1175 pro

643 1193 945 1256 fuerat‚hoc
969 1194 1056 1243 alii
1077 1191 1335 1243 nocebat!
1358 1192 1411 1240 in
1432 1205 1559 1240 voce
1578 1190 1706 1252 aliis,

644 1286 761 1335 quae
785 1271 941 1321 estin
962 1270 1059 1319 boc
1084 1281 1256 1327 versu,
1287 1267 1402 1315 duae
1428 1265 1634 1314 vocales
1655 1265 1708 1323 ’ii

642 1344 904 1394 habentur
928 1358 1020 1407 pro
1047 1357 1148 1393 una
1168 1341 1385 1407 syllaba.
1418 1339 1628 1405 quidam
1654 1340 1708 1388 li·

642 1420 725 1469 bri
754 1428 925 1469 tamen
949 1420 1141 1468 habent
1162 1418 1246 1479 uli,
1268 1420 1323 1465 in
1354 1429 1567 1465 numero
1605 1414 1708 1463 siu·

645 1496 834 1558 gulari,
866 1494 1019 1543 unico
1052 1493 1092 1556 i,
1130 1508 1161 1541 a
1196 1499 1343 1542 recto
1378 1489 1487 1541 alis.
1527 1482 1707 1541 ‘Quod

532 1561 542 1573 ”
644 1572 803 1635 igitur
826 1571 958 1634 aliis,
983 1575 1075 1619 aut
1097 1570 1186 1619 alii
1209 1568 1429 1618 dederat
1451 1562 1709 1629 licere,·rb

646 1648 827 1707 ἐξεῖναι,
855 1646 892 1696 i.
915 1660 960 1695 e.
982 1646 1267 1707 licentiam,
1290 1656 1382 1693 seu
1420 1649 1481 1693 ut
1522 1643 1709 1693 liceret

646 1720 857 1767 volvere
874 1718 927 1767 in
944 1733 1035 1768 ore
1052 1718 1255 1767 vitaleis
1274 1732 1445 1775 auras,
1466 1717 1518 1768 h.
1538 1731 1586 1767 e.
1606 1717 1712 1765 ani·

645 1808 783 1845 mam
818 1808 847 1843 e
880 1796 1012 1845 caelo
1053 1794 1269 1856 ducere,
1311 1800 1367 1841 et
1403 1792 1622 1856 spirare,
1654 1799 1709 1842 et

647 1871 831 1921 coelum
853 1870 1125 1934 adspicere
1147 1884 1163 1932 ;
1194 1872 1294 1920 hoo
1316 1875 1430 1919 erat
1450 1868 1563 1919 aliis
1598 1868 1708 1917 exi-

651 1949 747 1998 tio.
784 1948 956 2000 hmo.

714 2030 841 2075 1126
874 2026 943 2073 Et
964 2025 1069 2073 coelt‘
1098 2024 1272 2086 templa
1306 2020 1457 2084 tueri]
1489 2022 1536 2071 1.
1561 2036 1609 2072 e.
1654 2028 1712 2072 et

644 2102 816 2151 lucem
850 2102 1074 2151 intueri:
1112 2102 1223 2164 ὁρᾷν
1240 2098 1359 2163 φάος
1376 2098 1569 2157 ἠελίοιο.
1593 2112 1709 2162 sup.

644 2184 695 2229 3.
718 2183 799 2229 64.
830 2181 847 2209 ⁸
868 2180 939 2229 Et
976 2192 1119 2242 saepe
1154 2191 1319 2241 nsque
1356 2176 1490 2227 adeo
1526 2176 1710 2225 mortis

645 2254 929 2304 formidine
985 2253 1110 2303 vitae
1165 2251 1407 2315 Per-cipit
1458 2251 1710 2300 humanos

645 2326 839 2391 odium,
860 2329 1097 2391 lucisque
1119 2326 1391 2390 videndae,’
1426 2330 1525 2375 ἃς.
1560 2326 1711 2390 Virg.

645 2402 760 2453 AEn.
798 2407 851 2452 4.
898 2406 1015 2452 451.
1072 2402 1089 2432 ⁴
1115 2402 1277 2452 taedet
1320 2402 1441 2450 caeli
1480 2415 1713 2452 convexa

644 2478 813 2529 tueri!
848 2479 1019 2527 Lamb-

712 2558 840 2604 1227
852 2553 1003 2602 Aeris
1015 2568 1158 2602 auras
1174 2550 1389 2614 volvere]
1400 2551 1517 2601 Uno
1532 2553 1712 2617 verbo,

644 2629 823 2678 vivere
847 2634 947 2679 est.
984 2628 1163 2678 Faber.

711 2708 841 2755 1228
871 2704 1003 2753 Illud
1019 2705 1073 2753 in
1096 2704 1172 2753 his
1202 2703 1339 2753 rebus
1375 2702 1712 2766 miserandum,

642 2780 752 2844 ξω]
780 2778 1067 2830 Acerba-mv
1099 2778 1152 2828 δὲ
1178 2776 1357 2828 παντὸς
1377 2776 1437 2835 ἦν
1459 2779 1547 2826 τοῦ
1566 2780 1712 2826 κακοῦ

642 2856 675 2915 ἦ
701 2874 757 2905 τε
778 2856 960 2919 donula,
995 2854 1140 2903 ὁπότε
1171 2871 1245 2903 τις
1280 2852 1487 2901 αἴσθοιτο
1526 2850 1712 2913 κάμνων

643 2932 782 2999 (πρὸς
794 2932 889 2997 ’γὰρ
902 2932 959 2982 τὸ
973 2930 1254 2981 ἀνέλπιστον
1276 2928 1405 2979 εὐθὺς
1418 2928 1710 2993 τραπόμενοι,

642 3009 704 3073 τῇ
722 3007 903 3074 Ὑνῶμῃ,
918 3010 1085 3069 πολλῷ
1116 3008 1303 3067 μᾶλλον
1338 3004 1551 3068 προΐεντο
1582 3006 1711 3067 σφᾶς

642 3081 829 3145 αὑτοὺς,
848 3081 928 3133 καὶ
946 3082 1035 3131 οὐκ·
1094 3078 1308 3145 ντεῖχον)
1342 3079 1421 3129 καὶ
1460 3079 1530 3128 ὅτι
1552 3078 1710 3143 ἕτερος

642 3158 729 3221 ἀφ’
784 3156 947 3223 ’ἑτέρου
997 3163 1047 3207 θε
1074 3157 1236 3207 arelas
1291 3154 1706 3219 ἀναπιμπλάμενοι,

642 3235 800 3300 ὥσπερ
810 3235 875 3287 τὰ
893 3234 1112 3299 πρόβατα
1127 3232 1370 3292 ἔθνησκον·
1380 3230 1556 3281 καὶτὸν
1573 3234 1704 3280 πλεῖ.

642 3327 761 3361 στον
782 3309 950 3374 φθόρον
964 3312 1107 3359 τοῦτο
1131 3308 1337 3359 ἐνεποίει.
1404 3309 1439 3357 ἰ.
1462 3322 1510 3356 e.
1544 3308 1559 3334 ‘
1579 3307 1706 3356 Om-

642 3388 783 3436 nium
806 3393 978 3438 autem
1011 3386 1261 3435 malorum
1300 3386 1400 3433 hoc
1434 3390 1551 3433 erat
1588 3398 1704 3446 gra·

642 3463 924 3523 vissimum,
964 3469 1021 3511 et
1056 3462 1276 3510 maxime
1294 3457 1626 3521 horrendum,
1648 3464 1704 3507 et

640 3536 974 3605 quodbsimul
994 3542 1153 3599 atque
1177 3535 1365 3599 aliquis
1382 3548 1438 3581 se
1462 3549 1492 3581 a
1524 3534 1703 3582 morbo

642 3608 941 3673 correptum
964 3624 1079 3659 esse
1104 3608 1385 3669 sentiebat,
1408 3606 1486 3655 de
1510 3622 1602 3655 sua
1625 3622 1704 3661 sa·

640 3685 751 3734 lute
774 3684 1108 3748 desperabat,
1127 3684 1455 3746 animumque
1487 3683 1703 3745 despon-

640 3758 831 3809 debat:
868 3758 1029 3823 (omni
1054 3758 1193 3807 enim
1216 3772 1310 3823 spe
1334 3757 1517 3807 salutis
1550 3758 1699 3807 orba,

640 3834 701 3897 ti,
714 3834 878 3885 multo
900 3834 1063 3898 magis
1098 3846 1212 3883 sese
1247 3834 1614 3898 projiciebant,
1637 3848 1699 3884 ac

639 3910 993 3973 negligebant,
1008 3910 1481 3975 nequedurabaut,
1506 3916 1595 3959 aut
1620 3924 1700 3959 re-

638 3987 894 4037 sistebant
913 3984 957 4051 ³)
990 3992 1047 4035 et
1082 3986 1219 4051 qnod
1244 3986 1377 4037 alter
1394 3986 1461 4034 ab
1486 3986 1698 4035 alterius

638 4062 909 4111 curatione
945 4062 1133 4111 malum
1169 4062 1551 4123 contrahentes,
1583 4067 1700 4109 tan·

638 4145 791 4197 quam
836 4136 1081 4199 pecudes,
1114 4136 1501 4187 moriebantur:
1537 4144 1697 4199 atque

634 4213 739 4263 hoe
771 4226 919 4275 quam
962 4213 1195 4275 plurimis
1220 4212 1484 4262 interitum
1514 4209 1696 4261 affere-

636 4287 765 4339 bat:
832 4287 985 4339 Hauc
1022 4287 1335 4350 Thucydidis
1382 4288 1694 4344 sententiam

638 4370 761 4417 acto
776 4361 1011 4415 versibus
1030 4361 1287 4425 expressit
1307 4362 1518 4423 Lucret-
1552 4362 1692 4425 quod

1349 430 1569 483 No'rAE
1617 430 2024 483 valumwu
2072 432 2152 485 m

1782 570 2113 625 ostendemus
2132 563 2450 629 minutatim.
2479 570 2655 623 amb.

1846 654 1975 699 1229
2045 648 2396 711 Δῖνιιοιπαὸἑιε]
2464 649 2853 699 AErumnosum.

1780 726 1988 858 Laggod
2023 816 2073 851 se
2094 802 2283 864 quisque
2316 798 2506 849 videbat
2545 797 2844 861 Implicitam

1689 906 1694 915 ·
1780 876 1963 940 morbo]
1973 878 2020 927 T
2021 876 2208 941 hucyd
2225 874 2403 923 Ὀπότε
2416 892 2488 923 τις
2502 874 2720 923 αἴσθοιτο
2731 872 2853 932 κάμ-

1781 970 1888 1015 νων,
1907 951 1924 981 ‘
1944 953 2048 1001 Ubi
2066 966 2124 999 se
2144 949 2320 999 morbo
2333 948 2659 1013 implicitum
2681 956 2850 1026 atque

1782 1028 2088 1092 impeditum
2113 1024 2374 1075 sentiret!
2411 1025 2586 1075 Lumb.

1849 1109 1977 1157 1230
2014 1104 2167 1153 Morti
2186 1105 2438 1152 damnatus
2459 1106 2512 1149 ut
2528 1098 2678 1161 esset]
2709 1100 2786 1149 Ut
2805 1100 2853 1151 si

1773 1181 1884 1245 jam
1902 1181 2044 1230 Orco
2058 1179 2301 1235 addictus
2315 1184 2470 1227 esset.
2516 1177 2740 1239 Itaque‘
2762 1175 2852 1224 ut’

1781 1272 1878 1321 pro
1915 1256 2080 1321 quasi.
2114 1270 2215 1306 non
2253 1262 2449 1307 temere
2489 1253 2636 1301 alibi.
2673 1252 2853 1303 Faber.

1784 1332 1941 1396 Apud
1967 1332 2243 1393 Horatium
2267 1342 2472 1393 quoque
2488 1328 2688 1391 (indice
2717 1328 2849 1375 aut,

1784 1409 1954 1473 gersio
1971 1408 2038 1457 V.
2058 1408 2118 1455 L.
2151 1410 2203 1457 4.
2229 1410 2276 1453 1.
2308 1404 2466 1467 juxta
2487 1417 2644 1467 quem
2679 1402 2851 1451 locum

1783 1480 2222 1547 interpunximus)
2239 1481 2406 1529 Serm.
2439 1481 2488 1527 1.
2510 1482 2560 1527 3.
2585 1482 2669 1526 15.
2700 1478 2716 1505 ⁴
2739 1478 2853 1526 De-

1783 1559 1890 1607 cies
1913 1565 2135 1611 centena
2159 1552 2432 1605 dedisses.²
2465 1554 2501 1603 i.
2526 1568 2574 1601 e.
2599 1553 2642 1601 si
2669 1552 2846 1602 dedis-

1785 1647 1885 1684 ses.
1921 1632 2054 1683 Han.

1850 1713 1974 1757 1231
2037 1707 2278 1773 Deficiens
2317 1705 2475 1755 animo
2521 1708 2689 1752 masto
2743 1717 2848 1755 cum

1783 1783 1944 1845 corde]
1965 1782 2199 1846 Thucyd.
2223 1780 2407 1840 ἀθυμία,
2429 1777 2587 1828 animi
2606 1785 2849 1828 contrac-

1785 1860 1878 1921 tio,
1911 1867 1966 1908 et
1995 1856 2312 1921 desperatio.
2350 1853 2518 1907 Lamb.

1853 1938 1979 1984 1233
2017 1934 2204 1995 Quippe
2221 1932 2411 1991 etenim,
2427 1927 2534 1991 aa]
2559 1927 2708 1977 Ordo
2731 1935 2847 1978 est:

1785 2011 1994 2073 Quippe
2017 2010 2211 2059 etenim
2234 2006 2473 2069 contagia
2503 2005 2674 2053 morbi
2707 2004 2850 2058 avidi

1786 2102 1886 2135 non
1923 2087 2200 2135 cessabant
2223 2084 2349 2138 alios
2368 2096 2433 2130 ex
2458 2081 2572 2129 aliis
2610 2081 2779 2143 apisci,
2813 2080 2847 2132 i.

1785 2177 1834 2211 e.
1892 2162 2107 2225 adipisci
2162 2168 2216 2219 et
2264 2158 2549 2219 corripere.
2612 2157 2847 2221 Thucyd-

1785 2235 1942 2301 ἔτερος
1963 2237 2047 2299 ἀφ’
2063 2234 2224 2300 ἑτέρου
2241 2234 2478 2299 θεραπείας
2492 2230 2852 2292 ἆναπιμπλάμε·

1784 2330 1874 2375 νοι,
1907 2313 2082 2361 ‘alter
2104 2312 2169 2360 ab
2195 2311 2404 2359 alterius
2427 2308 2695 2359 curatione
2717 2322 2850 2359 mor-

1785 2387 1906 2437 bum
1922 2385 2324 2437 contrahentesss
2357 2384 2523 2434 Lama.

1853 2466 1977 2511 1235
2029 2462 2297 2521 Laurigeros
2359 2465 2584 2521 tanquam
2627 2435 2852 2521 pecudes]

1785 2535 2016 2599 Thucyd.
2054 2536 2211 2601 ὥσπερ
2245 2534 2310 2586 τὰ
2343 2532 2564 2598 πρόβατα
2607 2531 2852 2596 ἔθνηάκον,

1786 2611 1818 2659 i
1837 2626 1886 2660 e.
1907 2612 2182 2676 ‘tanquam
2208 2609 2438 2675 pecudes
2463 2609 2852 2661 moriebantur:

1785 2686 2050 2736 Admonet
2078 2701 2162 2734 me
2183 2686 2268 2735 hic
2291 2687 2454 2746 locus,
2473 2690 2533 2732 ut
2554 2682 2749 2732 eruditi
2766 2698 2852 2734 cu.

1777 2762 1988 2824 jusdam
2023 2762 2234 2825 juvenis
2278 2761 2656 2823 conjecturam,
2694 2772 2848 2823 qnam

1785 2852 1986 2887 mecum
2011 2852 2179 2899 nuper
2200 2835 2614 2895 communicavit,
2650 2834 2720 2883 de
2739 2834 2852 2884 Pli-

1781 2912 1856 2961 nii
1882 2913 2072 2975 verbis,
2109 2928 2222 2976 quae
2258 2913 2504 2975 leguntur
2531 2914 2585 2959 7.
2621 2916 2673 2961 2.
2714 2908 2850 2959 refe·

1784 3001 1910 3039 ram.
1973 2986 2063 3035 Sic
2104 2994 2279 3035 autem
2321 2987 2462 3035 Plin.
2515 2985 2616 3034 ‘Iu
2662 2984 2848 3047 eadem

1783 3062 1965 3114 Africa
2006 3064 2228 3115 familias
2263 3064 2513 3129 quasdam
2535 3061 2846 3125 effascInam

1783 3141 1908 3189 tium
1931 3139 2168 3203 Isigonus
2205 3147 2262 3193 et
2298 3139 2704 3204 Nymphodorus
2735 3153 2846 3198 esse

1781 3216 2020 3267 tradunt:
2067 3230 2282 3281 quarum
2323 3214 2616 3265 laudatione
2653 3214 2848 3277 intere?

1781 3298 1870 3339 ant
1895 3292 2134 3355 probata,
2151 3297 2393 3341 arescant
2412 3291 2638 3353 arbores,
2660 3290 2847 3339 emori·

1779 3372 1930 3418 antur
1954 3366 2222 3416 infantes.’
2261 3365 2413 3419 Quod
2439 3366 2598 3429 igitur
2619 3365 2708 3415 alii
2732 3366 2845 3430 qui-

1713 3448 1718 3453 ’
1779 3442 1898 3491 dam
1921 3443 2064 3493 docti
2088 3444 2186 3493 viri
2219 3449 2426 3506 putant,
2447 3442 2648 3505 probatu
2689 3442 2840 3493 Grae·

1777 3532 1889 3567 cam
1925 3532 2106 3568 vocem
2147 3533 2284 3580 esse,
2311 3533 2407 3581 pro
2446 3518 2707 3581 pecudibus
2750 3524 2843 3568 aut

1773 3594 1939 3643 ovibus
1975 3610 2006 3644 a
2049 3595 2187 3643 Plin.
2234 3595 2468 3658 positam,
2499 3594 2714 3657 juvenis
2751 3595 2842 3645 ille

1774 3670 2028 3719 acerrimo
2067 3669 2275 3733 ingenio
2313 3667 2582 3731 praeditus,
2615 3669 2841 3727 arbitra·

1776 3752 1860 3795 tur
1900 3746 2008 3794 liaec
2042 3744 2198 3794 Plinii
2235 3745 2396 3793 verba
2427 3758 2544 3793 esse
2567 3752 2841 3809 corrupta,

1773 3820 2154 3884 legendumque
2167 3820 2272 3880 ¹hoc
2291 3818 2464 3881 modo,
2501 3820 2686 3868 interea
2723 3834 2840 3883 pro.

1773 3898 1896 3947 batae
1915 3901 2131 3948 arescant
2145 3896 2350 3945 arbores.
2389 3896 2634 3959 probatas
2657 3903 2839 3953 autem

1774 3976 1984 4026 arbores
2015 3974 2286 4037 intelligit,
2317 3988 2436 4038 quae
2473 3972 2525 4022 iu
2565 3972 2712 4037 aquis
2734 3986 2840 4023 non

1771 4052 2086 4117 putruerint.
2172 4050 2258 4099 Sic
2309 4050 2443 4099 enim
2495 4038 2840 4111 Theophrast,

1773 4125 1950 4191 δένδρα,
1979 4125 2012 4176 ἃ
2043 4126 2098 4175 οὔ
2133 4124 2411 4183 &cacha-erm
2441 4124 2492 4173 ἔν
2515 4124 2663 4172 ὕδασι.
2729 4123 2838 4180 Sed

1774 4206 2032 4258 Adrianus
2072 4203 2348 4256 Turnebus
2381 4201 2518 4266 apud
2546 4201 2683 4251 Plin.
2707 4200 2835 4250 nibil

1772 4282 2077 4337 mutandum
2100 4286 2284 4343 putat:
2323 4278 2502 4342 sicque
2525 4276 2682 4326 Plinii
2722 4290 2834 4324 ver·

1774 4358 1840 4412 ba
1863 4358 2110 4422 explieat,
2139 4356 2380 4407 inteream
2405 4354 2622 4418 probatu,
2656 4352 2838 4419 idest,
