3200 4959
577 430 647 480 Τ.
691 431 1053 482 LUcRE'ru
1099 433 1429 485 ositrmz
1477 435 1745 486 RERUM
1794 439 1971 488 NAT.
2020 439 2163 490 mn.
2210 440 2311 489 v1.

407 573 640 636 corporis
681 573 1075 637 constitutione,
1117 577 1328 640 ejusque
1371 589 1464 640 spe

367 702 378 718 α
395 650 686 710 ,explorata
705 647 904 698 definiri
925 657 982 700 et
997 654 1250 701 contineri
1263 653 1461 703 dicunt.

403 725 626 787 Antiqui
651 723 812 784 igitur
832 724 1009 774 edicto
1049 726 1260 788 publico
1287 741 1354 775 ex
1379 742 1460 776 ur·

401 799 556 850 bibus
579 801 994 852 exterminabant
1013 815 1120 861 eos,
1139 809 1197 850 et
1213 803 1306 866 qui
1325 802 1460 852 hanc

365 881 602 934 ‚sectam
658 885 1018 938 sequerentur,
1071 885 1126 926 et
1181 877 1270 940 qui
1335 878 1462 926 talia

381 953 598 1013 ,scripta
631 952 1030 1013 probarent,.ad
1057 959 1256 1014 pestem
1295 960 1348 1002 et
1379 953 1458 1001 in·

397 1025 615 1074 teritum
662 1027 832 1076 valere
883 1027 1242 1077 existimantes
1297 1034 1457 1077 tamne

387 1099 658 1154 ,cecitatis
697 1106 756 1149 et
795 1101 1134 1164 impudentioe
1177 1106 1330 1166 plena
1371 1103 1456 1152 de·

365 1185 565 1238 „creta-
635 1178 736 1230 Qui
770 1186 942 1228 autem
980 1179 1134 1228 hodie
1173 1180 1352 1228 vivunt
1371 1179 1458 1242 lio·

397 1253 582 1315 mines,
607 1261 790 1315 utpote
829 1252 1064 1316 (opinor)
1100 1255 1224 1304 luxu
1253 1263 1309 1306 et
1331 1257 1458 1305 mol·

394 1326 514 1377 ‘litia
549 1330 803 1384 enervati,
838 1329 988 1390 liujus
1021 1337 1179 1379 sectae
1201 1331 1458 1380 studiosos

396 1405 534 1454 tanti
573 1403 794 1466 faciunt,
831 1418 1118 1470 eorumque
1155 1406 1370 1468 scripta,
1401 1414 1460 1456 ut

379 1479 672 1530 ‚videantur
716 1481 888 1544 malle,
925 1482 1229 1544 Epicurum,
1273 1488 1328 1530 et
1369 1481 1458 1545 qui

375 1571 514 1616 ,eum
557 1564 858 1620 sequuntur,
900 1570 1022 1606 vera
1063 1555 1259 1615 dicere,
1302 1571 1454 1620 quam

379 1634 542 1685 ·Deos
579 1640 635 1682 et
673 1632 1047 1696 providentiam
1085 1633 1137 1680 in
1171 1639 1354 1682 natura
1377 1648 1454 1682 re-

379 1725 510 1760 .rnm
533 1724 666 1760 esse.
734 1712 806 1760 Et
827 1712 1084 1760 nonnullis
1105 1725 1226 1760 sane
1252 1711 1454 1774 optabi·

393 1785 492 1834 lius
513 1792 594 1834 est
631 1785 1007 1847 providentiam
1045 1799 1190 1834 stiam
1225 1785 1454 1850 interire,

375 1871 549 1924 :quam
595 1861 876 1922 Epicurum
899 1860 1154 1914 mendacii
1177 1861 1448 1911 convinci:

373 1935 468 1984 -ita
492 1941 615 1984 sunt
635 1934 914 1984 infeliciter
937 1935 1168 1998 animati,
1203 1943 1258 1986 et
1287 1951 1449 2000 usque

375 2012 526 2068 ,adeo
567 2027 598 2062 a
634 2014 898 2076 voluptate
939 2026 1216 2075 suspensas
1255 2013 1452 2064 liabent

392 2089 598 2137 omneis
641 2088 760 2136 vitae
802 2102 908 2136 ⁸11ae
954 2089 1196 2150 rationes,
1234 2097 1295 2138 ut
1336 2091 1448 2151 ejus

359 2171 672 2226 ¹,patronum
718 2163 950 2216 omuibus
1005 2163 1161 2213 rebus
1216 2165 1447 2214 humanis

382 2238 619 2290 ,habeant
673 2237 962 2299 cariorem,’
1012 2242 1110 2289 ἃς.
1167 2241 1323 2287 Ταῦτα
1371 2242 1447 2290 καὶ

371 2315 508 2378 λεμὰ,
543 2318 642 2364 &c.
679 2316 714 2364 i.
753 2329 802 2364 e.
852 2315 1020 2364 ‘Haec
1059 2322 1116 2364 ct
1153 2331 1301 2366 sacra
1325 2319 1448 2380 Epi·

387 2391 500 2440 curi
524 2391 785 2452 sapientia
823 2391 1036 2453 reperit.
1098 2392 1172 2441 At
1207 2393 1448 2444 videlicet

365 2467 514 2528 ‚mihi
530 2467 675 2515 venit
691 2466 742 2514 in
760 2474 1004 2525 mentem,
1025 2481 1141 2516 eum
1165 2482 1282 2516 cum
1293 2469 1446 2518 Ther·

361 2543 489 2596 ,site
531 2541 811 2597 Homerico
855 2555 1174 2608 comparare.
1252 2545 1444 2594 Quem-

386 2607 664 2664 admodum
688 2617 824 2664 enim
851 2615 959 2676 ille,
991 2631 1107 2664 cum
1133 2619 1185 2664 in
1207 2621 1444 2668 exercitu

387 2691 690 2740 Graecorum
714 2689 1022 2740 deterrimus
1055 2690 1256 2753 fuisset,
1284 2692 1367 2756 (ut
1389 2701 1445 2744 et

381 2768 500 2829 ipse
523 2767 684 2830 poeta
715 2766 863 2826 dicit,
903 2773 960 2815 et
981 2768 1235 2830 Ulyssem
1269 2767 1444 2816 dicen-

387 2853 494 2892 tem
529 2841 690 2893 fecit:
728 2844 838 2905 ipse
883 2843 1088 2906 quidem
1130 2844 1206 2892 hia
1251 2847 1440 2908 verbis,

381 2919 400 2944 ⁸
419 2919 696 2968 Graiorum
719 2920 860 2968 venit
883 2919 1088 2980 Trojan·
1113 2921 1439 2983 turpissimus

379 2992 506 3056 ille,'
561 3001 616 3041 et
660 3008 776 3056 quae
821 2993 1070 3057 deinceps
1115 3001 1436 3057 sequuntur:

379 3070 621 3133 Ulyssem
657 3083 780 3117 vero
799 3070 911 3118 liaec
939 3069 988 3117 ei
1011 3067 1270 3124 dicentem
1294 3070 1438 3134 fecit,

361 3146 402 3204 ,‘
420 3145 470 3194 N
476 3144 827 3208 amquealium
846 3159 1146 3208 quemquam
1165 3148 1436 3196 mortalem

380 3220 700 3270 deteriorem
737 3221 812 3268 Tc
863 3234 976 3268 esse
1013 3235 1146 3284 nego
1162 3220 1216 3283 ς’)
1252 3236 1434 3270 verun-

377 3304 574 3357 tamen,
609 3295 840 3360 quamvis
876 3296 994 3344 talis
1030 3299 1118 3357 sit,
1141 3311 1244 3344 non
1265 3298 1436 3360 quies·

377 3374 486 3422 cit:
523 3373 614 3420 sed
651 3373 867 3434 primum
903 3373 1125 3435 quidem,
1148 3387 1266 3422 cum
1301 3375 1435 3436 regi·-

359 3449 477 3514 ,bus
503 3449 702 3504 rixatur
734 3457 786 3496 et
819 3448 1108 3508 contendit,
1139 3450 1302 3498 multa
1335 3449 1434 3498 sibi

374 3537 638 3586 arrogans,
658 3523 948 3590 quasivipse
987 3523 1290 3586 magnificus
1329 3527 1434 3588 qni-

372 3600 499 3648 dam
526 3600 600 3646 vir
621 3599 722 3648 sit:
758 3598 947 3646 deinde
969 3600 1106 3648 inter
1135 3601 1434 3662 optimateis

375 3689 434 3723 ae
475 3674 589 3736 ipse
631 3673 888 3722 collocare
926 3674 1102 3733 audet,
1145 3677 1306 3738 ‘quas
1341 3675 1434 3724 tibi

366 3749 525 3804 ‚Graii
547 3749 727 3798 Primo
764 3749 1031 3810 donamus,
1059 3764 1176 3798 cum
1211 3750 1432 3814 aliquam

363 3825 784 3888 ‚expugnavimus
855 3823 1035 3872 urbem
1067 3823 1100 3871 ε’
1185 3831 1240 3872 et
1305 3824 1432 3872 illud

367 3902 572 3956 {Quem
597 3906 688 3949 aut
721 3914 818 3962 ego
837 3901 1102 3962 captivum
1135 3899 1322 3948 vinctis
1346 3900 1433 3948 ab·

373 3977 574 4026 duxero
611 3976 814 4038 palmis,
851 3973 958 4022 Aut
989 3974 1120 4022 alius
1155 3974 1430 4024 Graiorum

361 4051 608 4116 ,aliquisz'
655 4051 728 4098 sic
773 4055 828 4097 et
871 4049 1147 4111 Epicurus,
1185 4056 1430 4112 tanquam

371 4127 556 4190 aliquis
579 4127 666 4187 sit,
690 4125 756 4173 de
776 4139 830 4173 se
847 4125 1127 4174 insolenter
1159 4123 1428 4185 praedicat,

369 4203 596 4266 seipsum
621 4203 672 4250 in
698 4200 1009 4264 philosophis
1029 4199 1286 4247 numerari
1311 4213 1428 4260 pos-

335 4271 574 4338 '-,tulans:
609 4289 778 4340 neque
800 4275 896 4324 hoc
929 4275 1114 4337 solum,
1145 4271 1236 4322 sed
1272 4274 1428 4324 etiam

2428 427 2599 492 1595

1538 579 1729 641 primas
1750 582 1949 642 parteis
1990 597 2045 632 se
2074 580 2215 632 ferre
2252 583 2562 635 confirmans
2582 602 2599 636 ε

1537 659 1693 716 atque
1720 655 1815 704 hac
1840 657 2037 706 ratione
2056 658 2228 721 seipse
2244 659 2487 711 Thersite
2508 673 2597 710 au-

1537 729 1793 778 daciorem
1816 730 2107 783 declarans.
2176 733 2275 783 Ille
2314 735 2451 784 enim
2490 744 2598 785 tan·

1535 809 1646 852 tum
1682 812 1739 856 ut
1774 808 2004 870 optimis,
2042 816 2099 859 et
2134 810 2343 872 regibus
2364 813 2597 876 minatis,

1533 879 1749 941 nimium
1782 881 1881 930 sibi
1917 890 2149 947 arrogat3
2192 885 2383 948 primas
2420 895 2595 950 partes

1531 969 1659 1004 vero
1682 971 2003 1022 nequaquam
2034 961 2145 1023 jam
2179 963 2338 1011 etiam
2360 964 2461 1013 sibi
2482 965 2595 1027 ipse

1535 1030 1747 1079 tribuit:
1782 1039 1840 1082 at
1879 1034 2001 1096 iste,
2042 1037 2205 1085 multa
2248 1038 2505 1100 sapientia
2538 1044 2593 1088 et

1533 1103 1754 1174 seientia
1794 1105 1976 1170 fretus,
2014 1123 2071 1157 se
2116 1111 2277 1160 solum
2317 1113 2593 1163 veritatem

1533 1181 1790 1242 reperisse
1812 1190 2093 1245 asseverat,
2127 1191 2284 1249 atque
2318 1187 2513 1238 iccirco
2535 1205 2591 1239 se

1534 1255 1821 1318 principem
1846 1257 2015 1306 locum
2044 1257 2301 1323 obtinere,
2324 1266 2381 1308 et
2401 1263 2591 1324 primas

1534 1331 1731 1393 parteis
1748 1330 1887 1379 ferre
1911 1333 2157 1395 postulat.
2224 1336 2398 1387 Quare
2430 1341 2591 1389 multo

1525 1404 1719 1468 justius
1756 1407 1879 1456 mihi
1914 1407 2121 1457 videtur
2165 1409 2349 1474 aliquis
2384 1411 2435 1460 el
2474 1427 2589 1464 esse

1531 1480 1783 1544 dicturus,
1819 1483 1920 1544 ⁴0,
1951 1484 2117 1546 cujus,
2142 1486 2397 1550 Tliersita,
2418 1490 2591 1548 modo,

1531 1556 1729 1620 ordine,
1788 1558 2094 1622 judicioque
2164 1562 2338 1613 Verba
2386 1575 2590 1626 carent,

1528 1633 1762 1695 quamvis
1812 1633 2089 1684 Graiorum
2132 1651 2259 1686 voce
2300 1639 2466 1698 suavi,
2517 1641 2589 1691 Et

1529 1709 1669 1756 clara
1692 1717 1867 1758 orator
1888 1712 2085 1772 clueas,
2106 1711 2259 1760 finem
2282 1712 2439 1764 face)
2478 1717 2587 1766 Ne-

1527 1797 1629 1848 que
1650 1785 1785 1833 enim
1820 1787 1972 1835 istum
2016 1801 2143 1836 voce
2180 1790 2318 1838 clara
2356 1798 2411 1839 et
2442 1795 2589 1842 suavi

1527 1859 1805 1922 praeditum
1850 1861 2092 1922 dixerim,
2132 1869 2189 1912 ut
2224 1864 2367 1915 illum
2386 1867 2586 1915 Therai·

1526 1939 1613 1982 ten
1633 1934 1667 1994 ;’
1698 1939 1795 1987 &00
1859 1936 1997 1984 Ἀλλ’
2032 1936 2154 1996 ὅμως
2188 1939 2401 1988 τοιοῦτος
2436 1941 2515 1988 καὶ
2536 1943 2589 1989 ἐν

1522 2011 1626 2058 τοῖς
1664 2009 1843 2072 λόγοις,
1884 2014 1981 2060 &1:-
2022 2014 2056 2061 i.
2096 2027 2145 2062 e.
2175 2015 2189 2041 ‘
2211 2015 2583 2066 Verumtamen

1525 2097 1641 2132 cum
1663 2093 1715 2133 et
1740 2085 1791 2132 in
1814 2086 2151 2149 sermonibus,
2185 2095 2241 2137 et
2271 2089 2321 2137 in
2354 2089 2583 2140 decretis

1524 2157 1642 2207 talis
1664 2161 1745 2219 sit,
1774 2174 1873 2209 non
1906 2161 2073 2222 pudet
2094 2177 2209 2212 enm
2232 2177 2289 2212 se
2312 2165 2363 2212 in
2388 2165 2583 2228 Pytha-

1522 2250 1680 2300 gorae,
1698 2249 1754 2286 et
1776 2237 2057 2298 Heracliti,
2077 2246 2135 2288 et
2152 2240 2383 2290 Socratis
2400 2243 2581 2294 ordine

1521 2310 1799 2372 collocare,
1832 2319 1991 2376 atque
2012 2313 2143 2362 adeo
2167 2315 2381 2378 primam
2402 2317 2580 2368 sedem

1521 2385 1663 2434 inter
1703 2401 1791 2436 eos
1834 2387 2075 2439 obtinere
2114 2392 2407 2452 postulare;
2442 2397 2577 2457 quod

1520 2461 1834 2510 simillimum
1860 2471 1959 2525 est,
1980 2471 2137 2527 atque
2162 2466 2203 2514 si
2226 2467 2467 2531 sacrilegi
2496 2470 2575 2517 in·

1521 2541 1607 2584 ter
1626 2537 1927 2586 sacerdotes
1946 2547 2002 2587 et
2022 2540 2366 2609 sacrificorum
2392 2545 2579 2606 princi-

1518 2625 1615 2674 pes
1639 2613 1803 2661 locum
1822 2613 2055 2664 obtinere
2072 2625 2346 2678 conentur,
2360 2619 2577 2682 primam

1518 2687 1570 2736 in
1595 2687 1671 2736 eis
1694 2689 1869 2737 sedem
1892 2689 1991 2738 sibi
2018 2692 2378 2743 vindicantes:
2418 2701 2509 2746 aut'
2530 2698 2575 2745 si

1519 2762 1635 2826 quis
1674 2763 2077 2825 Sardanapalum
2118 2768 2287 2816 animo
2320 2771 2576 2832 complec-

1517 2844 1662 2888 tatur
1716 2838 1783 2887 de
1838 2839 2115 2888 tolerantia
2168 2841 2402 2891 laborum
2458 2859 2573 2894 cnm

1515 2913 1749 2963 Hercule
1800 2913 2121 2964 contendere
2176 2922 2233 2965 et
2285 2921 2575 2981 comparari

1514 2997 1808 3051 conantem,
1834 2997 1889 3038 et
1912 2991 2130 3051 clavam,
2165 2992 2432 3057 leonisque
2456 3011 2576 3044 exu-

1511 3067 1651 3123 ,vium
1704 3074 2033 3129 tractantem,
2088 3068 2241 3131 eique
2292 3071 2570 3135 dicentem,

1512 3143 1623 3204 Ego
1642 3143 1719 3190 his
1741 3143 1943 3205 dignior
1965 3156 2093 3205 sum,
2126 3159 2277 3207 quam
2308 3153 2381 3196 tu.
2454 3149 2571 3196 Non

1510 3218 1611 3267 ibis
1648 3218 1700 3266 in
1734 3219 1918 3266 malam
1958 3230 2088 3276 rem,
2124 3233 2156 3266 o
2179 3221 2470 3270 scelerate?
2504 3221 2569 3270 ad

1510 3300 1765 3353 crocotas,
1804 3299 1860 3339 et
1898 3292 1962 3339 ad
2000 3292 2333 3353 concubinas,
2364 3297 2572 3358 quibus-

1510 3382 1627 3418 cum
1668 3367 1719 3415 in
1758 3367 1909 3416 lectis
1948 3375 2112 3416 totum
2148 3367 2286 3417 diem
2310 3378 2575 3434 conteres,

1510 3442 1665 3491 modo
1708 3442 1879 3490 lanam
1926 3455 2157 3504 purpura
2199 3443 2417 3494 tinctam
2463 3452 2569 3495 tra-

1509 3520 1654 3579 hens,
1691 3517 1841 3565 modo
1878 3517 2086 3566 corollis
2124 3518 2410 3581 redimitus,
2442 3535 2567 3571 non·

1509 3607 1787 3660 numquam
1822 3592 1981 3644 etiam
2014 3593 2189 3642 oculos
2220 3595 2413 3644 habens
2450 3597 2567 3647 fuli-

1511 3669 1633 3733 gine
1666 3675 1723 3718 et
1766 3669 1913 3731 nigro
1950 3669 2121 3716 colore
2165 3669 2441 3733 obductos,
2475 3682 2567 3725 aut

1509 3745 1671 3793 etiam
1692 3743 1745 3792 in
1768 3745 1933 3792 multa
1964 3750 2021 3793 et
2039 3743 2289 3795 indecora
2310 3748 2565 3800 ebrietate

1511 3819 1749 3869 tibiarum
1804 3825 1961 3867 cantu
2016 3819 2289 3870 delinitus:
2330 3830 2564 3875 ceterum

1509 3911 1624 3960 qna».
1656 3896 1733 3942 liis
1762 3899 1883 3942 sunt
1916 3900 2265 3945 consentanea
2296 3904 2353 3946 et
2386 3913 2568 3949 conse·

1508 3972 1721 4034 quentia
1738 3984 1921 4032 agens,
1948 3975 2008 4018 ut
2045 3971 2233 4019 vermis
2268 3973 2476 4036 qnidam
2512 3977 2563 4024 in

1506 4046 1657 4096 valde
1680 4060 1869 4109 spurco
1890 4051 1947 4094 et
1974 4046 2215 4094 stercoris
2239 4048 2394 4110 pleno
2412 4064 2563 4100 coeno

1507 4121 1799 4169 volutatus?
1833 4134 1935 4168 non
1978 4120 2134 4168 etiam
2173 4126 2249 4184 tu,
2281 4124 2561 4176 audacissi-

1505 4209 1641 4244 mum
1680 4200 1735 4243 et
1776 4193 2275 4258 impudentissimum
2320 4209 2498 4262 capnt,
2529 4218 2562 4250 a

1505 4271 1827 4338 philosophia
1850 4269 2169 4335 profugiens,
2188 4273 2251 4322 ad
2268 4273 2561 4338 Leontium,
