3200 4959
653 393 828 460 1626

660 559 762 604 tum
797 554 1112 616 temporam.
1146 553 1356 616 partim,
1385 554 1483 603 Nee
1519 553 1711 616 mirum,

655 629 702 678 si
721 629 774 678 in
803 644 856 678 eo
875 630 942 678 sic
962 633 1185 692 tempore,
1203 632 1284 692 qe.
1306 629 1502 678 Harum
1539 636 1711 678 tamen

658 705 814 754 trium
839 704 1261 754 tolerabilissimae
1295 710 1416 754 suut
1449 704 1567 753 duoe
1610 706 1714 766 pri·

657 793 792 829 ores.
858 780 1130 829 Postrema
1152 794 1294 843 vero,
1312 796 1428 844 quae
1456 781 1715 842 reperitur

659 856 816 906 etiam
855 855 908 904 iu
936 855 1052 906 cod.
1097 855 1362 919 Tettiano,
1397 859 1494 906 Nec
1529 858 1717 921 mirans,

659 930 776 980 siin
803 946 854 980 eo
885 931 1023 993 sic-,a
1061 939 1206 982 recta
1248 934 1476 997 paullum
1507 934 1717 984 detorta

662 1018 763 1059 est.
830 1008 964 1058 Nam
1001 1009 1045 1057 si
1082 1024 1177 1072 pro
1199 1011 1374 1071 θαμὰ·
1406 1025 1502 1074 pro
1532 1013 1576 1059 si
1595 1012 1714 1061 sub-

661 1081 826 1134 ditum
850 1091 950 1134 est.
984 1085 1256 1134 Sententia
1275 1093 1444 1135 utitem
1469 1087 1579 1137 haec
1602 1094 1713 1136 est:

665 1161 781 1210 Nec
811 1161 994 1210 mirum
1032 1167 1131 1223 est,
1171 1161 1216 1210 si
1257 1162 1307 1209 in
1343 1161 1477 1210 veris
1507 1169 1564 1212 ct
1595 1178 1715 1212 auc-

661 1238 828 1287 tumni
849 1245 1083 1300 tempore
1114 1238 1336 1301 plurima
1355 1239 1615 1288 exsistunt
1638 1247 1717 1290 to·

661 1312 852 1373 nitrua,
890 1313 1210 1377 plurimaque
1251 1313 1444 1362 cadunt
1481 1311 1716 1377 fulmina,

662 1387 898 1451 plurime
932 1386 1153 1451 denique
1188 1386 1411 1436 turbidae
1443 1394 1715 1452 tempesta-

663 1469 744 1511 tes
799 1462 850 1511 in
905 1462 1034 1511 caelo
1087 1461 1423 1510 cooriuntur:
1481 1462 1717 1527 quoniam

662 1537 784 1586 dnae
821 1536 1095 1601 qualitates
1133 1543 1240 1584 tum
1275 1547 1393 1585 sunt
1430 1536 1566 1587 inter
1604 1552 1717 1588 sese

661 1626 818 1676 pares
859 1618 916 1660 et
957 1611 1204 1674 aequales,
1242 1612 1384 1660 calor
1435 1620 1492 1661 et
1534 1611 1718 1677 frigus.

659 1689 807 1738 Hinc
849 1694 1022 1736 autem
1052 1686 1256 1736 ‘bellum
1301 1702 1491 1750 anceps
1533 1689 1717 1740 oritur.

663 1761 800 1828 qnod
831 1776 934 1811 non
957 1761 1016 1810 fit
1048 1768 1247 1823 estate,
1265 1768 1355 1811 aut
1377 1762 1575 1814 bruma.
1609 1772 1718 1814 tum

663 1839 798 1889 enim
822 1838 944 1904 quia
980 1839 1123 1888 calor
1163 1845 1256 1888 aut
1285 1837 1454 1902 frigus
1489 1848 1719 1905 superat,

663 1914 978 1978 dominatur,
1005 1930 1068 1964 ac
1099 1916 1392 1979 praepollet,
1426 1917 1594 1966 nullus
1634 1925 1719 1967 est

663 1989 806 2041 bello
849 1992 1026 2040 locus:
1074 1990 1212 2054 quod
1254 1991 1448 2041 idcirco
1491 1991 1715 2043 duellum

663 2067 858 2117 dictum
881 2074 981 2131 est,
997 2066 1132 2131 quod
1156 2066 1272 2116 duae
1295 2074 1472 2130 partes
1493 2071 1718 2133 oequales

664 2141 734 2192 de
755 2143 975 2193 victoria
993 2142 1329 2192 contendant.
1393 2143 1562 2192 Lamo.
1616 2145 1722 2194 Nec

663 2219 838 2268 aarum
855 2225 945 2282 est,
963 2219 1014 2266 in
1035 2233 1086 2267 eo
1107 2217 1166 2266 si.
1190 2219 1264 2266 ita
1286 2223 1388 2266 vet.
1407 2219 1548 2280 libri,
1568 2233 1719 2287 manu

663 2292 930 2358 formaque
953 2292 1222 2354 descripti.
1293 2292 1464 2351 Gifaem.

731 2371 830 2419 8⁷6
859 2368 1076 2430 Ancipiti
1099 2367 1236 2430 bauo]
1268 2368 1406 2416 Vere
1429 2376 1486 2418 et
1517 2375 1719 2419 autum-

664 2457 734 2494 no
750 2446 891 2494 calor
907 2451 966 2492 et
977 2442 1138 2506 frigus
1153 2443 1474 2492 contendunt
1489 2459 1506 2503 3
1539 2453 1721 2494 aestate

667 2509 1018 2581 calor,liyeme
1032 2516 1193 2580 frigus
1205 2517 1513 2568 dominatur.
1528 2521 1722 2571 (ἔνιαι-ὴ.

695 2595 700 2600 “
732 2597 830 2642 ⁸78
863 2593 974 2641 Hoc
995 2598 1066 2642 est
1085 2593 1307 2655 igniferi]
1335 2592 1651 2656 Ἐπιφόνημα.
1670 2596 1723 2646 h.

671 2666 964 2734 e.-(inquit)
982 2676 1215 2718 naturam
1253 2667 1479 2718 fulminis
1518 2685 1721 2735 perves-

667 2744 860 2808 tigare,
895 2753 1054 2809 etque
1085 2745 1216 2794 adeo
1257 2759 1492 2807 eernere,
1525 2753 1582 2796 et
1620 2761 1724 2810 qua

668 2826 931 2882 potestate
963 2834 1054 2868 seu
1095 2818 1345 2868 facultate
1384 2820 1611 2884 quidque
1647 2820 1723 2869 fa-

615 2946 617 2948 ,
665 2895 795 2957 ciat,
818 2895 1027 2956 videre3
1061 2910 1162 2944 non
1189 2897 1536 2945 revolventem
1566 2904 1622 2946 et
1644 2913 1724 2950 re-

664 2970 946 3033 plicantem
973 2972 1300 3030 Etruscorum
1324 2977 1380 3019 et
1399 2972 1723 3036 haruspicum

668 3040 911 3107 carmina,
948 3047 984 3095 i.
1025 3061 1072 3096 e.
1110 3046 1264 3096 libros
1302 3048 1576 3110 Tageticos
1609 3050 1725 3115 (qui

667 3137 871 3172 omnem
894 3123 1231 3171 Etruscorum
1267 3122 1586 3186 disciplinam
1606 3140 1725 3175 cou-

668 3198 926 3259 tinebant,
946 3213 977 3246 a
996 3199 1193 3260 Tagete
1217 3198 1304 3246 illo
1323 3213 1484 3262 puero
1507 3201 1725 3251 Etrusco

669 3289 736 3324 ex
758 3289 882 3339 agro
901 3274 1277 3338 Tarquiniensi,
1296 3286 1410 3323 cum
1449 3280 1584 3324 terra
1614 3290 1725 3326 ara-

577 3363 584 3372 ·
664 3358 832 3412 retur,
877 3350 1048 3400 edito:
1083 3350 1152 3399 de
1191 3364 1292 3413 quo
1328 3350 1442 3414 lege
1479 3351 1554 3400 M.
1591 3353 1725 3401 Tull.

663 3425 804 3486 libro
851 3425 1079 3473 secundo
1121 3425 1188 3473 de
1227 3423 1432 3490 Divin.)
1479 3440 1582 3476 non
1626 3427 1725 3492 (in-

667 3498 848 3564 quam)
889 3500 1223 3548 Etruscorum
1261 3498 1418 3546 libros
1455 3502 1726 3551 consulen-

669 3579 799 3636 tem,
823 3573 972 3635 signa
993 3572 1274 3620 voluntatis
1291 3572 1522 3622 Deorum
1545 3575 1723 3625 obscu-

670 3662 745 3696 rae
781 3647 1131 3707 etincognitae
1168 3645 1444 3707 indagare:
1479 3651 1615 3712 quod
1649 3650 1722 3698 fa-

667 3722 877 3772 ciebant
912 3720 1225 3782 haruspices,
1245 3720 1408 3768 diviso
1439 3721 1492 3770 iu
1526 3722 1723 3788 aliquot

669 3797 866 3864 parteis
887 3797 1036 3857 coelo,
1060 3801 1118 3843 ut
1139 3809 1252 3857 sup.
1275 3793 1520 3858 diximus,
1541 3812 1617 3846 vs.
1640 3803 1723 3848 85.

667 3877 685 3904 ‘
713 3873 796 3922 Ne
823 3869 1069 3934 trepides,
1094 3869 1208 3918 caeli
1240 3869 1418 3918 divisis
1452 3872 1721 3937 partibus,’

671 3955 774 4001 ἅο.
836 3947 1000 3998 Lamb.
1066 3944 1477 3997 Sacrifieulorum
1548 3948 1724 4014 Augu·

673 4039 886 4090 rumque
921 4022 1098 4086 generi
1141 4021 1370 4072 insultat.
1435 4024 1608 4087 Istud,
1644 4027 1723 4075 in-

665 4102 810 4166 quit,
829 4107 930 4160 est,
947 4099 1080 4147 scire
1103 4112 1216 4160 quae
1253 4103 1436 4146 natura
1463 4099 1532 4150 sit
1554 4100 1724 4152 fulmi-

673 4175 770 4236 nis,
787 4179 885 4221 διο.
926 4171 1060 4235 quod
1085 4185 1344 4234 uunquam
1364 4171 1416 4220 in
1450 4174 1593 4224 libris
1615 4191 1727 4226 ves·

675 4251 774 4300 tris
811 4246 1260 4298 deliramentorum
1300 4248 1462 4310 plenis
1495 4251 1725 4316 reperie-

1350 411 1564 460 801*AE
1615 413 1707 460 vA
1724 411 2015 463 monum
2064 410 2146 461 IN

1790 555 1890 605 tis:
1924 555 1941 584 ‘
1962 561 2106 604 retro
2130 552 2455 616 volventem,’
2477 553 2513 602 i.
2530 567 2580 604 e.
2604 569 2637 604 a
2666 555 2840 618 capite

1788 631 1853 680 ad
1889 631 2100 691 calcem,
2122 645 2153 678 a
2183 631 2327 679 calce
2362 629 2427 678 ad
2456 637 2615 693 capnt
2638 631 2845 678 volven-

1788 706 1875 768 do,
1920 704 2236 754 revolvendo
2289 705 2451 753 aniles
2501 703 2627 752 istos
2682 704 2841 754 libros

1786 799 1916 848 quos
1927 785 2173 846 Tyrrheni
2194 799 2285 832 seu
2298 783 2460 832 Tusci
2477 782 2841 834 condiderunt.

1788 859 1963 909 Faber.
2018 861 2165 910 Nihil
2185 859 2289 909 diri
2314 859 2483 922 potuit
2506 859 2731 921 brevius,
2752 864 2846 908 aut

1788 934 2097 999 elegantius.
2167 935 2361 985 Creech.

1852 1014 1947 1058 ast
1999 1010 2190 1060 Indicia
2238 1008 2455 1071 occultae]
2508 1009 2598 1058 Sic
2652 1009 2846 1059 habent

1789 1090 1898 1134 tres
1930 1085 2047 1134 libri
2087 1100 2343 1136 manuscr.
2364 1092 2419 1134 et
2440 1084 2631 1135 Veneti
2666 1098 2843 1132 receu-

1790 1160 1967 1222 tiores,
1988 1169 2042 1210 et
2079 1161 2464 1224 Lugdunenses,
2485 1167 2543 1210 et
2580 1151 2842 1210 Basilicu-

1789 1248 1888 1284 ses.
1919 1234 2021 1284 duo
2043 1250 2299 1284 manuscr.
2322 1242 2377 1284 et
2391 1235 2579 1284 Veneti
2600 1234 2766 1297 antiq.
2790 1241 2847 1282 et

1790 1309 2071 1360 Parisiens.
2092 1318 2148 1360 et
2171 1311 2401 1360 Florent.
2446 1311 2659 1358 Judicia.
2692 1325 2844 1374 quam

1790 1387 2098 1449 scripturam
2144 1386 2327 1449 rejeci,
2366 1392 2424 1435 ut
2462 1385 2757 1433 mendosam
2790 1390 2846 1433 et

1790 1469 2103 1526 corruptam.
2187 1461 2325 1512 Nam
2369 1468 2595 1521 constat,
2640 1469 2845 1510 veteres

1790 1535 1925 1598 illos,
1967 1536 2216 1601 auspicia,
2257 1536 2489 1599 auguria,
2531 1535 2724 1596 omina,
2767 1549 2843 1584 os-

1794 1616 1937 1660 tenta
1968 1612 2208 1676 denique,
2244 1617 2301 1660 et
2334 1610 2508 1660 talium
2549 1625 2719 1660 rerum
2756 1611 2845 1661 ob-

1790 1688 2110 1738 servationes
2153 1687 2451 1750 instituisse,
2496 1694 2653 1751 atque
2706 1702 2846 1744 usur·

1790 1778 1961 1827 passe,
1984 1771 2039 1813 ut
2062 1764 2213 1813 exiis
2248 1765 2565 1814 voluntatem
2596 1763 2845 1821 Deorum,

1790 1853 1939 1904 quam
1980 1840 2057 1888 his
2092 1839 2310 1890 indicari
2348 1846 2403 1888 et
2434 1837 2713 1903 significari
2753 1853 2846 1902 pn·

1793 1917 1992 1977 tabant,
2014 1925 2405 1981 cognoscerent.
2469 1916 2635 1966 Lamb.
2673 1916 2761 1965 Ita
2782 1931 2847 1964 ex

1792 1991 2097 2056 quibusdam
2119 2001 2227 2042 vet.
2247 2001 2302 2041 et
2323 1993 2463 2057 vulg.
2490 1992 2663 2041 malui.
2728 1990 2851 2056 Alii,

1794 2067 1995 2116 Indicia.
2061 2066 2242 2118 Gifan.

1857 2145 1953 2190 882
1992 2143 2125 2192 Unde
2167 2139 2347 2205 volans]
2392 2143 2463 2194 Hi
2513 2150 2620 2191 tres
2672 2157 2847 2193 versus

1794 2215 2040 2279 deinceps
2090 2225 2363 2282 sequentes
2394 2218 2504 2281 jam
2540 2225 2664 2268 ante
2696 2218 2851 2282 positi

1793 2298 1933 2354 sunt,
1953 2293 2129 2342 statim
2154 2300 2274 2356 post
2306 2309 2425 2343 etim
2449 2309 2653 2345 versum
2698 2309 2847 2360 quem

1792 2367 1945 2416 modo
1968 2369 2175 2430 protuli.
2238 2369 2407 2418 Lamb.

1858 2447 1956 2492 386
1990 2445 2130 2499 Quod
2148 2444 2424 2507 &Jupiter-1
2458 2445 2589 2508 Vult
2607 2445 2851 2508 probare,

1795 2517 2009 2569 fulmina
2031 2535 2061 2568 a
2081 2519 2201 2569 Diis
2228 2533 2329 2568 non
2352 2520 2511 2583 mitti,
2533 2521 2626 2570 sed
2649 2535 2718 2570 ex
2740 2535 2850 2570 cer-

1796 2593 1861 2644 tis
1884 2603 1937 2644 et
1960 2595 2276 2644 naturalibus
2298 2595 2465 2645 causis
2488 2597 2649 2646 nasci.
2684 2597 2851 2646 Lumb.

1858 2670 1963 2718 Alii
2002 2668 2261 2738 fulgentia·
2304 2671 2447 2733 Divi]
2498 2672 2636 2720 pun.
2691 2677 2741 2722 2.
2772 2663 2867 2722 σε

1796 2745 1995 2806 scribit,
2012 2748 2029 2772 ‘
2044 2760 2113 2794 ex
2130 2745 2441 2794 Thuscorum
2462 2747 2655 2796 litteris
2670 2761 2853 2798 novem

1800 2821 1939 2868 Deos
1962 2819 2173 2869 fulmina
2212 2821 2491 2883 emittere,’
2510 2824 2649 2887 quod
2676 2832 2735 2874 et
2758 2823 2855 2875 Ar·

1798 2894 1981 2944 nobius
2022 2893 2293 2944 coufirmat
2334 2897 2423 2946 lib.
2452 2901 2501 2946 ³.
2524 2897 2645 2947 adv.
2681 2899 2753 2948 G.
2787 2914 2851 2948 ex

1798 2968 2110 3018 auctoritate
2132 2969 2353 3033 Manilii,
2373 2971 2452 3020 his
2469 2971 2640 3020 verbis
2661 2989 2677 3021 z
2712 2974 2729 3001 ‘
2754 2974 2855 3022 No-

1798 3043 2039 3092 vensileis
2075 3058 2259 3094 novem
2294 3046 2436 3094 Deos
2480 3047 2553 3096 ait
2592 3061 2707 3098 esse
2741 3050 2852 3098 Ma-

1798 3119 1971 3179 nilius,
2004 3120 2187 3184 quibus
2224 3121 2345 3170 solis
2375 3122 2585 3185 Jupiter
2623 3133 2853 3186 potesta-

1802 3205 1903 3245 tem
1918 3196 2151 3260 jaciendi
2173 3197 2249 3246 sui
2274 3199 2569 3260 permiserit
2593 3199 2853 3250 fulminis!

1796 3273 1965 3322 Lamb.
2030 3274 2233 3324 Novem
2268 3275 2402 3324 euim
2424 3274 2517 3324 Dii
2553 3285 2725 3335 erant,
2748 3277 2855 3341 qui·

1800 3349 1895 3399 bus
1939 3347 2169 3398 fulminis
2213 3350 2483 3413 jaculandi
2520 3350 2610 3414 jus
2655 3367 2689 3400 a
2722 3353 2854 3404 Jove

1799 3439 2101 3474 concessum
2124 3433 2256 3474 erat.
2323 3426 2495 3474 Faber.

1862 3505 1958 3550 388
1994 3501 2101 3556 Quo
2141 3501 2337 3564 quoiqtce
2372 3507 2443 3551 est
2466 3517 2659 3564 cumque
2689 3503 2855 3552 volan·

1797 3576 1896 3639 tus]
1918 3577 2005 3626 Sic
2018 3577 2210 3626 habent
2226 3585 2445 3641 quatuor
2461 3577 2578 3626 libri
2594 3592 2857 3629 manuscr.

1797 3661 1851 3700 et
1874 3652 2068 3716 aliquot
2091 3652 2228 3715 vulg.
2252 3652 2358 3706 Quo
2376 3650 2539 3715 cuique
2571 3657 2643 3701 est
2664 3668 2858 3716 nonque

1794 3727 2031 3788 voluptas.-
2064 3725 2169 3786 alii,
2194 3726 2298 3781 Quo
2330 3725 2511 3776 inducit
2532 3742 2757 3790 quemque
2777 3746 2855 3779 oo-

1794 3803 1965 3865 luptas.
2027 3801 2210 3851 Lamb.

1863 3878 1967 3932 Quo
2010 3877 2140 3926 ducit
2186 3878 2427 3941 quemque]
2497 3878 2602 3941 Ita,
2648 3881 2701 3929 in
2747 3890 2853 3932 vet.

1796 3957 2002 4016 nostris,
2026 3963 2081 4004 et
2104 3957 2156 4004 in
2182 3957 2319 4019 vulg.
2384 3955 2629 4020 Quidam,
2651 3959 2854 4009 inducit.

1795 4031 1925 4092 Sup.
1948 4035 1998 4078 2.
2017 4034 2129 4078 2⁵⁷.
2195 4029 2257 4078 Iu
2294 4030 2407 4078 aliis
2442 4038 2547 4080 vet.
2579 4047 2669 4094 quo
2689 4035 2856 4097 cuique

1797 4111 1868 4154 est
1906 4119 2098 4168 cumque
2138 4107 2368 4154 voluntas.
2434 4107 2499 4154 Et
2531 4098 2598 4156 *in
2645 4109 2855 4170 quibus-

1798 4181 1915 4231 dam
1934 4184 2073 4245 vulg.
2096 4184 2324 4244 noluptus.
2387 4181 2563 4231 Gifau.

1864 4261 1963 4307 389
1992 4257 2150 4308 &eliu
2186 4256 2466 4321 aversabile]
2522 4259 2608 4308 Sic
2661 4261 2852 4320 liabent
