3200 4959
666 443 841 508 1508

676 599 889 667 proles?
990 601 1093 652 Ubi
1156 601 1351 650 frustra
1411 600 1734 650 Lambinus.

1380 457 1593 504 NOTAE
1637 455 2042 505 &antonum
2097 455 2176 502 IN
2247 487 2256 492 -

1810 613 1910 661 qne
1956 598 2081 647 nihil
2121 598 2324 649 addam.
2390 599 2524 647 Vide
2561 614 2675 663 quae
2715 600 2784 650 ad
2825 605 2876 648 1.

672 678 861 744 equoru'
895 679 1133 730 duellica!
1168 680 1398 729 Gronov.
1468 681 1599 729 Quae
1627 676 1735 740 qui·
1817 680 1961 724 1061.
1999 676 2174 726 Faber.

678 756 799 806 dem
834 757 957 805 mibi
980 757 1261 819 explicatio
1290 757 1401 820 jam
1440 757 1657 818 arridet,
1683 757 1738 804 li·

1835 755 1974 799 433
2010 752 2137 800 Solis
2157 751 2284 813 rota]
2319 752 2517 801 Grecis
2533 750 2708 801 δίσκος.
2743 753 2882 802 Con-

675 840 762 883 cet
796 834 1117 882 meminerim
1151 835 1304 882 aliter
1345 834 1674 883 emendatum
1708 848 1739 881 a
1813 825 1911 876 fer·
1933 827 2091 875 Turn·
2115 826 2251 876 Adv.
2277 832 2325 876 8.
2353 832 2431 876 17.
2457 835 2510 876 et
2532 832 2613 876 18.
2637 831 2723 876 27.
2778 829 2884 875 Ro-

676 925 763 960 me
794 909 955 959 fuisse
980 912 1112 960 bunc
1146 925 1351 960 versum
1385 911 1519 959 libro
1554 911 1741 972 primo,

676 987 985 1050 conjectura
1037 985 1207 1036 forsan
1252 1002 1353 1036 non
1405 988 1742 1050 poenitenda;

684 1213 819 1263 Han.

1814 912 1920 955 tam
1955 903 2229 955 candidam
2271 905 2466 953 dixisse
2501 906 2769 954 Sidonium
2795 907 2884 954 do-

1817 991 1938 1033 cet.
1924 999 1938 1011 ·
1974 984 1989 1011 ‘
2013 983 2142 1032 Inde
2166 981 2420 1047 patefecit
2443 983 2598 1031 radiis
2621 990 2736 1032 rota
2760 998 2886 1030 can-

677 1062 983 1112 alterutram
1007 1062 1103 1110 sibi
1140 1063 1412 1113 lectionem
1442 1064 1604 1128 eligat
1637 1065 1744 1112 lec·
1819 1059 1940 1108 dida
1977 1058 2201 1108 coeium!

596 1163 609 1178 ·
680 1145 782 1199 tor,
802 1153 917 1202 quar
940 1138 1259 1189 tibiacilicet
1274 1141 1496 1190 maxime
1520 1141 1744 1204 placeat.
1818 1133 1955 1182 idem
1978 1138 2062 1183 22
2086 1137 2168 1184 29
2203 1133 2339 1183 Ηαυ

2287 1059 2516 1108 vitruvii
2560 1061 2700 1108 locos
2733 1058 2888 1108 addit

1884 1215 1981 1260 434
2016 1210 2305 1273 Attia-olane]
2353 1209 2441 1260 Sic
2485 1169 2780 1274 legentium,
2831 1219 2890 1260 et

745 1294 844 1340 430
898 1292 1104 1341 Tandem
1156 1292 1469 1350 conveniant5
1534 1307 1592 1342 ρει
1645 1309 1748 1354 quae
1822 1286 1898 1334 ita
1935 1287 2130 1335 habent
2163 1286 2265 1336 duo
2299 1287 2387 1336 lib.
2416 1301 2676 1336 manuscr.
2701 1295 2758 1336 et
2794 1289 2890 1336 ali·

682 1367 947 1431 conjuncta,
979 1367 1084 1430 vm]
1138 1369 1223 1418 Ita
1264 1377 1367 1419 vet.
1403 1369 1522 1418 libri
1561 1370 1749 1430 nostri,

684 1443 903 1498 diserte.
970 1444 1031 1493 ln
1054 1445 1187 1505 aliis,
1205 1461 1309 1507 «μισ
1347 1459 1622 1504 convenere,
1647 1459 1749 1492 non

684 1519 842 1568 male.
907 1521 1066 1582 Vulg.
1096 1521 1251 1580 male,
1286 1535 1341 1569 ea
1370 1535 1473 1583 «μαι
1508 1525 1750 1570 conventa.

688 1595 973 1656 eonjuncta,
996 1595 1155 1643 etiam
1178 1610 1315 1656 mox,
1338 1611 1413 1644 vs.
1432 1601 1545 1646 445.
1584 1595 1754 1656 Git‘au·

686 1668 895 1726 Tandem
914 1683 969 1716 ea
991 1670 1286 1732 conveniant,
1303 1686 1408 1733 quoe
1428 1676 1483 1719 ut
1502 1687 1755 1720 convenere

688 1748 900 1805 repente.
967 1742 1092 1804 Alii,
1132 1746 1339 1794 Tandem
1376 1747 1756 1796 contemnuere

688 1840 795 1888 qua·
825 1823 1087 1886 conjuncta,
1114 1827 1196 1886 ᾂτ.
1264 1825 1334 1873 Et
1359 1825 1562 1873 melius.
1617 1825 1683 1873 V.
1708 1829 1758 1874 2.

692 1905 836 1949 1169.
908 1901 967 1948 In
1008 1915 1117 1963 seq.
1152 1913 1302 1949 versu
1328 1914 1423 1963 pro
1444 1913 1565 1962 ωερε
1586 1899 1758 1948 Faber

690 1975 823 2038 legit
843 1989 1020 2038 nempe.
1088 1975 1164 2024 Ut
1196 1983 1253 2024 et
1275 1974 1365 2025 lib.
1400 1979 1449 2026 2.
1471 1979 1618 2025 1060.
1684 1974 1757 2025 At

691 2051 933 2115 profecto
958 2067 1057 2101 vox
1091 2056 1105 2080 ‘
1131 2057 1376 2114 repente·
1413 2051 1620 2100 modum
1644 2057 1756 2100 tan-

692 2135 805 2177 tum
826 2127 1203 2192 conjunctionis
1237 2127 1500 2190 exprimit,
1538 2127 1758 2192 ideoque

698 2205 807 2264 illa,
842 2219 995 2268 quam
1030 2204 1203 2266 jactat
1237 2204 1425 2264 Faber,
1464 2203 1758 2251 emendatio
1787 2193 1794 2200 ’

690 2279 837 2327 nulla
860 2284 955 2328 est.
998 2278 1121 2326 Vid.
1144 2282 1194 2326 2.
1220 2281 1363 2327 1060.
1402 2277 1595 2325 ΟνεεσΙι.

760 2357 858 2403 430
896 2353 1017 2408 Quae
1033 2357 1089 2400 ut
1109 2352 1385 2415 conuenere]
1406 2354 1547 2402 Cum
1573 2353 1628 2400 in
1653 2366 1760 2401 om·

697 2430 849 2480 nibus
872 2429 1017 2482 libris
1042 2443 1323 2478 manuscr..
1340 2428 1591 2491 scriptum
1611 2443 1762 2492 repe-

700 2507 902 2566 rissem,
925 2520 1029 2567 (μω
1064 2519 1331 2566 convenere,
1368 2519 1488 2564 non,
1509 2512 1570 2554 nt
1603 2514 1685 2555 est
1709 2505 1760 2554 in

697 2580 1015 2646 ,quibusdam
1040 2582 1181 2643 vulg.
1204 2595 1262 2629 ea
1282 2596 1389 2641 quoe
1403 2587 1653 2642 conventa,
1688 2581 1762 2632 sic

700 2659 931 2722 reposui,
976 2674 1079 2723 qma
1124 2665 1179 2708 ut
1221 2675 1489 2723 convenere,
1526 2660 1565 2708 i.
1610 2673 1658 2708 e.
1703 2674 1765 2708 ea

704 2737 977 2800 principia,
1010 2751 1125 2800 qnae
1161 2751 1280 2785 cum
1319 2743 1677 2786 convenerunt
1711 2743 1766 2786 et

701 2827 986 2876 congressa
1028 2819 1167 2874 stunt,
1210 2815 1311 2862 διο.
1396 2813 1547 2861 Licet
1590 2819 1766 2861 tamen

702 2890 838 2938 bunc
860 2890 1031 2937 locum
1062 2889 1339 2936 emendare
1374 2901 1440 2936 ex
1462 2887 1551 2936 illo
1574 2889 1664 2952 qui
1687 2893 1770 2936 est

703 2965 825 3013 huic
850 2964 1157 3024 simillimus,
1178 2970 1237 3012 et
1266 2965 1419 3026 plane
1444 2965 1700 3027 geminus,
1719 2967 1769 3012 2.

703 3048 851 3094 -1060,
914 3041 1183 3091 ‘Tandem
1218 3041 1510 3090 cooluerint
1548 3055 1613 3088 ea
1651 3055 1767 3104 quse

706 3120 941 3185 conjecta
994 3118 1121 3181 (vel,
1174 3123 1235 3166 ut
1286 3117 1373 3164 alii
1426 3116 1522 3176 legi
1571 3116 1770 3177 volunt,

703 3193 964 3258 conlecta)
1006 3191 1260 3259 repente,’
1298 3195 1397 3241 dcc.
1436 3191 1565 3240 licet
1607 3191 1768 3239 etiam

702 3273 905 3336 legere,
926 3287 981 3320 ea
1000 3286 1105 3334 quoe
1118 3269 1364 3330 conjuncta
1382 3274 1586 3332 repente.
1605 3273 1664 3316 ut
1680 3265 1769 3316 inf.

706 3351 723 3378 ⁸
752 3352 999 3410 poterant
1032 3347 1311 3408 conjuncta
1353 3342 1604 3393 manere!
1658 3343 1769 3392 Ha·

708 3439 821 3474 rum
875 3423 1293 3472 emendationum
1348 3422 1523 3470 Zoilus
1564 3425 1769 3483 postre-

709 3514 847 3550 mam
886 3498 1122 3560 arripuit,
1145 3503 1204 3545 ut
1242 3511 1404 3545 suam.
1437 3496 1605 3544 lamb.
1675 3495 1769 3544 Gi-

707 3577 878 3626 fanins
917 3575 1013 3622 boc
1046 3575 1162 3622 loco
1192 3573 1458 3634 vulgatam
1490 3571 1769 3623 lectionem

710 3652 943 3707 damnat,
964 3663 1021 3696 ea
1041 3664 1146 3711 quoe
1166 3652 1421 3706 conventu
1455 3661 1572 3696 curn
1597 3654 1770 3697 tamen

710 3726 943 3789 vapprime
963 3724 1121 3774 faciat
1143 3724 1207 3772 ad
1231 3723 1632 3772 confirmandam
1652 3739 1772 3773 con·

701 3803 987 3867 jecturam,
1013 3815 1165 3866 quam
1192 3804 1241 3848 2.
1274 3803 1356 3848 97.
1378 3799 1644 3862 amplexus
1671 3806 1771 3864 est,

707 3887 765 3932 et
788 3879 1005 3944 exponit
1022 3878 1074 3926 in
1096 3877 1302 3938 Indice,
1318 3876 1382 3924 ad
1406 3889 1583 3925 vocem
1606 3879 1621 3903 ‘
1637 3876 1772 3924 Con-

708 3955 885 4006 sulta!
919 3956 1112 4004 Forsan
1130 3953 1287 4000 etiam
1302 3950 1438 4000 baud
1456 3951 1604 4002 male.
1638 3951 1772 4001 Vide

710 4035 923 4084 Festum
965 4033 1037 4093 iu,
1067 4032 1084 4059 ‘
1109 4029 1385 4079 Conventa
1416 4029 1683 4092 conditio,’
1711 4035 1774 4079 et

680 4111 727 4144 ·⁴
743 4108 1072 4160 Conventus)
1107 4106 1279 4169 Preeg.

716 4201 723 4208 ·
773 4189 868 4236 431
909 4186 1198 4246 Magnarum
1232 4198 1391 4234 rerum
1406 4185 1539 4248 ι1ἱιιιιέ
1574 4183 1773 4234 exordia

712 4261 856 4326 nepe]
890 4262 1009 4313 Jam
1044 4268 1199 4311 antea
1234 4262 1424 4322 monui,
1446 4276 1548 4324 qna
1570 4262 1772 4311 ratione

708 4339 1063 4394 emendandus
1082 4341 1164 4391 bic
1187 4341 1332 4391 locus
1354 4339 1651 4388 videretur:
1675 4338 1772 4386 ita-

1825 1368 1952 1426 quot
1979 1363 2232 1425 impressi.
2268 1363 2344 1411 ita
2377 1362 2598 1426 denique
2623 1364 2749 1425 iegit
2773 1364 2889 1412 Ma-

1826 1439 1967 1489 crob.
2010 1438 2100 1487 lib.
2136 1443 2185 1488 6.
2233 1439 2441 1488 Saturn.
2502 1439 2703 1502 vulgati
2749 1440 2888 1488 enim

1827 1515 2071 1563 mendose
2092 1515 2304 1575 habent,
2341 1514 2462 1563 Alta
2493 1516 2671 1563 volans.
2738 1515 2892 1562 Talia

1829 1592 2076 1653 nantilla,
2109 1593 2126 1621 ‘
2151 1589 2448 1648 claricitat‚'
2489 1589 2628 1639 infra
2652 1589 2770 1639 eod.
2792 1591 2887 1638 lib.

1829 1675 1884 1716 et
1908 1669 1925 1696 ‘
1946 1665 2266 1728 altitonans,'
2286 1666 2498 1716 ibidem.
2534 1666 2702 1715 Lamb.
2751 1665 2887 1715 Aut·-

1829 1745 2006 1792 volam.
2073 1742 2159 1791 lta
2195 1749 2342 1790 recte
2382 1748 2490 1790 vet.
2517 1741 2757 1804 .libri,'et
2779 1742 2894 1790 Ma·

1831 1819 2057 1869 crobinS.
2125 1817 2190 1866 In
2213 1817 2346 1878 aliia,
2365 1816 2485 1865 Alta
2504 1818 2680 1866 odana.
2717 1815 2893 1866 Gifan.

1831 1929 1838 1938 -
1896 1899 1994 1944 438
2028 1895 2150 1943 Inde
2167 1893 2282 1955 toci]
2305 1893 2351 1942 1.
2376 1906 2423 1941 e.
2447 1892 2514 1940 ab
2537 1892 2626 1940 illo
2644 1893 2777 1952 loco,
2801 1907 2894 1941 ceu

1833 1973 2006 2036 potius
2015 1971 2183 2020 abillo
2200 1977 2450 2032 tempore.
2462 1969 2537 2020 sic
2549 1969 2746 2019 Ennius
2756 1971 2894 2032 apud

1833 2051 2064 2111 Festum,
2105 2051 2121 2078 ⁴
2145 2051 2277 2100 Inde
2300 2049 2398 2099 loci
2413 2049 2570 2099 lituus
2592 2049 2794 2098 sonitus
2819 2039 2896 2098 ef-

1831 2124 1970 2175 fudit
1991 2125 2205 2176 acutos!
2237 2130 2294 2174 et
2328 2126 2519 2174 iterum
2552 2127 2767 2174 Lucret.
2801 2123 2898 2174 inf.

1832 2203 1950 2252 eod.
1971 2203 2061 2252 lib.
2087 2206 2202 2253 789.
2236 2203 2252 2230 ⁴
2273 2202 2394 2250 inde
2417 2203 2516 2250 loci
2538 2201 2776 2250 mortalia
2801 2216 2897 2250 sae-

1835 2280 1917 2328 cla
1958 2277 2200 2341 creavit,’
2249 2281 2346 2328 διο.
2401 2279 2569 2328 Lamb.
2631 2280 2647 2307 ‘
2695 2278 2896 2328 Locus'

1835 2369 1975 2417 naepe
2017 2369 2110 2417 pro
2145 2361 2380 2417 tempore
2411 2355 2640 2418 ponitur.
2705 2354 2899 2418 Itaque

1833 2433 1848 2460 ‘
1865 2431 1988 2482 inde
2009 2432 2142 2482 loci’
2164 2431 2478 2493 significabit
2496 2438 2696 2494 postea.
2719 2430 2900 2480 Plaut.

1834 2510 1954 2557 Ter.
1978 2507 2142 2558 Lucil.
2178 2506 2348 2556 Faber.
2411 2507 2456 2555 Ι.
2475 2521 2522 2556 e.
2548 2507 2762 2555 Postea.
2798 2505 2901 2555 Inf.

1837 2599 1916 2634 vs,
1939 2588 2055 2633 740.
2123 2585 2140 2612 ⁸
2166 2583 2300 2634 Inde
2323 2584 2423 2633 ioci
2444 2583 2685 2647 sequitur
2717 2582 2900 2633 calor!

1842 2662 2039 2711 Creech.

1837 2761 1844 2768 -
1901 2741 2001 2787 439
2037 2735 2335 2800 Diu-ludere]
2386 2735 2540 2799 Virg.
2577 2736 2690 2785 Ecl.
2735 2739 2785 2784 6.
2819 2739 2902 2783 35.

1839 2813 2018 2862 ‘Tum
2074 2812 2260 2862 durare
2303 2812 2468 2861 solnm
2512 2817 2569 2860 et
2607 2811 2904 2860 discludere

1841 2889 2017 2938 Nerea
2053 2895 2216 2952 ponto
2257 2886 2523 2952 Coeperit!
2605 2888 2744 2936 Nam
2789 2889 2903 2936 Ma-

1841 2965 2047 3014 crobius
2078 2966 2285 3015 Saturn.
2307 2969 2356 3014 6.
2376 2968 2426 3014 4.
2451 2964 2564 3013 baec
2585 2964 2907 3013 Lucretiana

1843 3057 1959 3091 cum
1982 3043 2082 3091 illis
2101 3040 2402 3104 virgilianis
2423 3046 2709 3102 comparat.
2745 3041 2760 3067 ‘
2779 3041 2908 3088 Dis·

1844 3117 2058 3167 cludere
2075 3116 2091 3139 '
2127 3123 2319 3180 autem,
2336 3117 2370 3167 i.
2393 3131 2440 3167 e.
2467 3117 2786 3177 discernere,
2803 3116 2907 3165 dis-

1842 3191 2409 3255 tinguere,disparare.
2451 3191 2617 3241 Loeub.
2687 3192 2906 3241 Discer-

1844 3281 1990 3331 nere,
2013 3269 2364 3332 Distinguere,
2399 3271 2498 3318 ὅτε.
2568 3266 2642 3316 At
2678 3268 2694 3296 ‘
2718 3267 2908 3316 disclu-

1844 3345 1916 3394 εἰει
1933 3345 1948 3368 ’
1967 3351 2023 3394 et
2037 3346 2059 3392 .‘
2079 3343 2405 3394 discludere'
2427 3350 2476 3394 3.
2503 3348 2614 3393 172.
2639 3352 2696 3393 et
2715 3349 2764 3394 6.
2788 3349 2906 3394 239.

1843 3419 2072 3484 diruptis
2093 3427 2264 3481 sonat,
2301 3426 2356 3468 et
2385 3433 2742 3484 perrumpere.
2790 3421 2908 3469 Ma-

1845 3497 2053 3546 crobius
2077 3501 2128 3546 6.
2151 3501 2200 3546 2.
2241 3497 2320 3544 his
2355 3498 2758 3560 comparat-illa
2789 3497 2908 3545 Vir·

1847 3572 1952 3635 gilii
1969 3573 2023 3620 in
2048 3573 2253 3622 Sileno:
2290 3574 2305 3601 ‘
2322 3573 2559 3637 Namque
2583 3572 2809 3622 canebat
2821 3575 2910 3622 nti

1843 3664 2081 3712 magnum
2127 3665 2223 3713 per
2259 3650 2412 3700 inane
2457 3657 2644 3699 coacta
2696 3649 2908 3699 Semina

1847 3733 2217 3790 terrarumque,
2282 3727 2592 3790 animaque,
2643 3726 2909 3790 marisque

1844 3799 2080 3862 fuissent,
2103 3803 2170 3852 Et
2192 3802 2371 3867 liquidi
2385 3800 2537 3851 simul
2557 3801 2720 3864 ignia
2752 3808 2812 3850 ut
2831 3801 2910 3850 bis

1846 3878 2064 3928 exordia
2088 3879 2262 3941 primis
2301 3878 2508 3940 Omnia,
2536 3884 2591 3926 et
2622 3877 2733 3940 ipse
2757 3883 2911 3925 tener

1845 3955 2024 4014 mundi
2062 3955 2393 4004 concreverit
2425 3953 2603 4003 orbis:
2655 3953 2786 4001 Tum
2815 3951 2911 4001 du·

1846 4044 1960 4080 rure
1983 4032 2164 4092 solum,
2187 4037 2243 4079 et
2263 4029 2560 4082 discludere
2582 4028 2782 4078 Nerea
2773 4040 2914 4144 pon·

1847 4113 1902 4157 to
1929 4107 2196 4171 Coeperit,'
2219 4109 2318 4155 ὅτε.
2354 4105 2548 4155 ΟνεεσΙι.

1910 4188 2007 4234 441
2044 4184 2300 4233 Discordia
2331 4181 2550 4246 qaorum]
2604 4177 2756 4229 Istud
2797 4193 2914 4242 quo·

1816 4261 1985 4308 ‘rum
1962 4261 2111 4324 Jnngi
2154 4259 2331 4322 debet,
2368 4273 2472 4308 non
2506 4271 2624 4307 cnm
2657 4255 2916 4318 discordi«,

1848 4337 1939 4388 aed
1963 4351 2080 4389 cnm
2102 4336 2373 4400 intervalla,
2393 4333 2513 4398 vias,
2532 4335 2615 4395 ξε.
2649 4332 2843 4382 Faber.
