3200 4959
554 391 728 459 1602

560 554 706 602 sitos.
775 547 970 600 Confer
999 552 1170 597 antem
1204 557 1320 596 cum
1356 544 1456 593 boc
1499 541 1615 592 ioco

559 639 736 684 versus
756 627 844 690 qui
861 631 981 674 sunt
998 621 1132 674 infra
1148 637 1224 672 vs.
1237 626 1322 671 91.
1343 633 1446 668 non
1463 619 1617 679 longo

557 709 678 768 post
718 700 1011 760 intervallo,
1049 697 1164 746 ‘Tu
1197 695 1320 746 mihi
1359 707 1617 758 supremae

560 777 871 842 prescripta
914 775 981 824 ad
1026 773 1248 825 candida
1287 771 1446 822 calci·
1489 769 1618 818 Cur-

559 853 715 914 renti,
758 852 985 915 spatium
1039 855 1380 913 praemonstra
1433 844 1623 895 callida

560 927 736 988 Musa,
755 929 854 976 διο.
885 917 960 974 Te
981 925 1190 974 ducent
1211 923 1400 986 insigni
1419 920 1623 984 capiam

561 1017 677 1054 cum
709 1001 862 1051 laude
899 998 1179 1061 coronam?
1213 998 1382 1051 Lamb.
1454 997 1622 1052 Vento-

559 1093 668 1128 rum
688 1077 1002 1128 exhortantur
1028 1089 1148 1140 spes,
1199 1074 1285 1124 Ita
1310 1085 1486 1122 omnes
1509 1069 1622 1120 fere

561 1153 684 1202 libri
705 1157 813 1204 vet.
894 1152 1167 1212 Marullus,
1196 1156 1254 1198 et
1291 1150 1447 1212 Vulg.
1479 1147 1623 1198 Voto-

561 1244 684 1280 rum.
741 1228 1038 1289 Lambinus,
1085 1225 1330 1276 Vincendi.
1404 1224 1467 1274 In
1511 1223 1623 1286 qui-

563 1304 783 1356 busdam
826 1304 991 1365 libris,
1031 1303 1267 1354 Exsistat.
1337 1301 1625 1360 Ventorum5

565 1395 762 1443 eornm,
779 1396 894 1446 quae
911 1389 1272 1443 consequetur.
1309 1377 1478 1436 Gifan.

629 1457 787 1520 Atque
829 1455 965 1514 obvia
1004 1470 1161 1518 cursu,
1199 1453 1310 1516 &cll
1366 1451 1627 1514 Aliegoria

567 1541 683 1588 est:
719 1542 776 1586 et
797 1531 1229 1597 quandoquidem,
1253 1544 1369 1593 quae
1395 1529 1516 1577 mihi
1539 1527 1628 1576 ob·

567 1609 796 1671 stabant,
823 1615 942 1658 sunt
963 1620 1230 1666 conversa,
1249 1605 1424 1654 furore
1447 1601 1629 1653 sedato

567 1698 629 1732 ac
653 1683 956 1747 propitiato,
977 1686 1076 1731 &tu
1103 1682 1203 1742 vel,
1236 1681 1278 1729 si
1301 1681 1549 1742 legamus,
1571 1683 1631 1727 ut

566 1759 764 1808 habent
800 1759 920 1808 libri
941 1757 1053 1806 fere
1077 1771 1269 1812 omnes,
1299 1760 1410 1804 sunt
1443 1755 1629 1816 placato

567 1849 787 1884 convemi
797 1833 986 1896 favore,
1019 1834 1056 1882 i.
1088 1846 1136 1881 e.
1157 1837 1278 1881 sunt
1300 1845 1550 1881 conversa
1575 1838 1629 1880 et

569 1918 772 1960 mutata
803 1910 854 1958 in
877 1907 1110 1958 favorem
1141 1907 1436 1969 propitium.
1503 1905 1631 1956 Qui·

571 1987 690 2049 dam
715 1987 794 2035 vir
815 1984 1000 2034 doctus
1021 1982 1296 2047 legendum
1321 1987 1494 2044 putat,
1517 1985 1631 2030 sunt

570 2076 788 2115 converso
807 2061 995 2124 placata
1017 2059 1206 2120 favore.
1247 2059 1264 2086 ‘
1283 2057 1438 2106 obvia
1455 2055 1627 2105 cursu’

571 2145 769 2200 autem,
807 2138 842 2186 i.
878 2153 927 2187 e.
961 2137 1114 2186 obvia
1153 2134 1358 2188 curauit
1392 2132 1530 2197 quod
1554 2132 1630 2183 sie

571 2217 792 2264 Auratus
837 2212 1166 2267 emendavitx
1205 2225 1320 2260 nam
1365 2209 1482 2259 libri
1525 2223 1630 2258 om·

567 2304 662 2341 nes
699 2291 890 2338 habent
927 2289 1060 2336 obvia
1095 2301 1298 2337 rursum.
1362 2285 1452 2334 Sic
1481 2285 1629 2347 Virg.

573 2363 688 2414 AEn.
709 2369 758 2414 6.
780 2368 892 2414 465.
925 2363 940 2390 ‘
958 2368 1112 2426 teque
1137 2361 1392 2423 adspectu
1419 2374 1484 2408 ne
1507 2359 1629 2408 sub·

571 2438 722 2489 trahe
763 2436 972 2486 nostro.’
1023 2436 1160 2484 idem
1204 2435 1399 2497 Georg.
1431 2439 1480 2486 4.
1516 2438 1630 2486 198.

569 2517 584 2542 ‘
606 2512 758 2566 Quod
796 2527 892 2562 nec
927 2511 1206 2560 concubitu
1242 2510 1546 2572 indulgent:
1575 2515 1631 2559 et

572 2589 848 2640 Lucillius:
868 2588 883 2614 ‘
905 2587 1056 2640 Quod
1081 2594 1304 2634 sumtum
1329 2593 1485 2650 atque
1503 2601 1631 2650 epu·

569 2666 648 2714 las
673 2665 814 2714 victu
839 2663 1098 2726 praeponis
1122 2663 1375 2712 honesto?
1407 2663 1630 2719 barnabin,

569 2741 728 2803 Atque
767 2740 900 2789 obvia
945 2754 1133 2788 rursum
1179 2740 1298 2794 Quoe
1325 2738 1542 2798 fuerant.
1577 2741 1630 2788 in

573 2817 894 2880 quibusdam,
917 2815 1124 2876 fuerint.
1205 2817 1381 2875 Forte,
1412 2815 1629 2873 suerent.

575 2890 756 2941 Gifan.
824 2890 1104 2943 Lambinus
1154 2890 1245 2938 hos
1303 2897 1410 2938 tres
1455 2905 1631 2938 versus

573 2966 870 3028 suppositos
892 2979 1004 3014 esse
1021 2967 1243 3028 putavit.
1307 2966 1459 3020 Illum
1487 2967 1632 3028 vide3

569 3055 690 3089 nam
714 3042 767 3092 in
792 3041 892 3090 Ms.
915 3041 1067 3100 aliter
1090 3042 1332 3104 leguntur
1351 3057 1368 3102 ς
1390 3056 1483 3105 pro
1513 3043 1631 3095 Vin-

571 3118 726 3178 cendi,
743 3117 1032 3169 Ventorum
1051 3134 1066 3180 3
1090 3131 1184 3180 pro
1207 3133 1367 3179 cursu,
1387 3118 1422 3167 i.
1443 3133 1494 3170 e.
1513 3132 1632 3168 eur-

575 3193 674 3254 sui,
714 3193 906 3244 ibidem
941 3193 1187 3252 scribitur
1207 3209 1409 3248 rursum.
1442 3195 1632 3245 Faber.

575 3267 838 3330 Gifanius,
874 3269 1128 3321 Ventorum
1149 3268 1352 3334 (eorum
1373 3285 1635 3335 quaecon-

569 3343 846 3406 sequetur)
869 3345 1178 3397 exhortantur
1199 3353 1322 3407 spes,
1390 3345 1515 3406 Alii,
1546 3347 1633 3398 Vo-

573 3423 748 3470 torum.
783 3419 909 3476 Alii,
935 3421 1324 3482 Quandoquidem
1344 3425 1485 3470 semel
1507 3423 1635 3472 haud

573 3495 734 3554 segnis
774 3497 1074 3543 conscendere
1126 3509 1318 3544 currum
1383 3497 1635 3552 Ventosnm

574 3583 678 3630 spes
717 3569 908 3618 hortatu
951 3575 1044 3631 est,
1089 3574 1228 3632 atque
1289 3569 1426 3620 obvia
1475 3587 1632 3624 cursu.

574 3642 856 3693 Lambinus
891 3644 984 3692 hos
1021 3653 1126 3692 tres
1153 3658 1330 3695 versus
1355 3649 1633 3709 suppositi-

576 3717 678 3776 tios
699 3718 948 3786 ,putavit3
984 3719 1195 3768 Vossius
1213 3720 1420 3774 tandem
1447 3722 1510 3771 ad
1537 3724 1634 3775 Ca-

578 3791 759 3840 tullum
782 3807 833 3855 p.
856 3796 966 3844 191.
989 3794 1167 3845 scribit
1189 3811 1204 3844 z
1247 3795 1635 3860 Quandoquidem

572 3869 716 3918 >semel
735 3869 970 3930 insignem
985 3873 1286 3928 conscendere
1301 3887 1490 3922 currum
1519 3874 1637 3925 Ven-

575 3948 732 3998 torum
753 3943 975 3992 exhortae
1008 3945 1228 4007 pellacia,
1256 3952 1304 4004 et
1338 3951 1494 3996 omnia
1526 3963 1632 3998 rur-

574 4029 676 4072 sum
699 4022 820 4076 Qua·
829 4020 1048 4084 fuerunt,
1069 4028 1179 4070 sunt
1199 4025 1384 4085 placato
1411 4041 1633 4080 conversa

527 4137 532 4142 .
565 4095 752 4152 favore.
776 4097 791 4122 ‘
829 4098 1078 4160 Currum‚’
1103 4097 1138 4148 i.
1161 4113 1211 4148 e.
1241 4101 1446 4160 Navim,
1487 4103 1504 4133 ‘
1525 4117 1635 4150 rur·

578 4170 710 4220 sum'
749 4173 858 4220 sive
891 4181 1049 4223 retro.
1088 4176 1280 4224 Forsan
1321 4177 1394 4227 ita
1426 4177 1636 4244 scripsit

1205 399 1458 450 ·NOTAE
1506 393 1909 446 VAnloRuM
1962 391 2037 442 ΙΝ

1690 535 1989 598 Lucretium
2010 549 2181 599 neque
2202 533 2339 584 enim
2357 547 2463 584 vox
2475 532 2577 582 ista
2587 531 2607 560 '‘
2624 531 2759 583 Cur·-

1692 613 1854 664 renti’
1898 627 1975 666 vs.
2022 617 2105 662 92.
2143 611 2337 671 obstat,
2377 623 2499 658 uam
2544 609 2765 658 Horatii

1692 687 1963 740 Mercator
2006 690 2020 716 ‘
2042 688 2221 738 Currit
2257 687 2325 736 ad
2358 685 2521 736 Indos
2540 685 2571 746 ς’
2608 685 2655 734 si
2680 692 2761 734 ta-

1692 782 1813 816 men
1838 767 2026 829 verior,
2045 777 2149 816 non
2166 770 2247 814 est
2264 763 2581 814 luculentior
2600 775 2761 825 quam

1694 845 1787 894 iila
1836 845 2003 896 altera
2046 841 2277 893 Lambini
2325 839 2505 889 lecti0.
2561 837 2759 888 (ἕν-τεὼ.

1700 921 1857 970 Obvia
1878 933 2033 982 cursu,
2054 921 2135 980 &a
2169 915 2501 966 Contrarium
2526 913 2577 964 in
2606 913 2761 965 Bruti

1698 1001 1856 1046 aetate
1880 995 2023 1044 dolet
2058 995 2243 1044 Cicero
2260 993 2317 1042 in
2342 992 2511 1040 Bruto
2533 1003 2652 1052 cap.
2672 991 2763 1038 97.

1696 1072 1712 1102 ‘
1736 1069 1841 1120 Sed
1864 1071 1916 1119 in
1931 1077 1986 1120 te
2006 1070 2231 1132 intuens,
2250 1069 2437 1129 Brute,
2454 1065 2637 1126 dolen;
2666 1079 2762 1114 cu·

1688 1146 1781 1210 jus
1802 1146 1853 1196 iu
1873 1145 2297 1205 adolescentiam,
2319 1157 2413 1208 per
2427 1140 2627 1191 medias
2648 1141 2759 1197 [an-

1699 1223 1809 1284 des,
1830 1222 1975 1287 quasi
1998 1221 2265 1285 quadrigis
2283 1218 2575 1277 vehentem,
2596 1222 2763 1265 trans-

1696 1309 1850 1349 versa
1886 1299 2109 1348 incurrit
2148 1297 2336 1348 misera
2374 1293 2589 1344 fortuna
2635 1291 2763 1342 Rei·

1700 1375 1959 1439 publicae!
2024 1377 2193 1428 Quem
2235 1373 2543 1437 praeclarum
2584 1371 2759 1419 locum

1700 1467 1763 1502 eo
1804 1451 2060 1502 lubentius
2103 1450 2316 1511 adduxi,
2348 1446 2486 1513 qnod
2524 1437 2761 1496 stabilire

1700 1528 1963 1593 vulgatam
2006 1527 2235 1577 Lucretii
2272 1526 2549 1575 lectionem
2586 1522 2763 1572 videa-

1702 1613 1807 1665 tur,
1831 1611 1889 1656 ut
1912 1619 2013 1655 non
2036 1617 2169 1667 opus
2202 1603 2273 1652 sit
2296 1603 2355 1652 in
2389 1613 2599 1664 aequore
2626 1599 2766 1663 peri·

1701 1681 1894 1736 clitari.
1929 1681 2062 1731 Hae.

1766 1760 1828 1805 51
1866 1756 2092 1820 Efficiam
2112 1753 2315 1816 animos]
2352 1752 2513 1802 Hunc
2536 1763 2761 1811 versum,

1702 1838 1757 1884 et
1780 1839 1981 1895 partem
2014 1831 2145 1893 ejus,
2178 1831 2265 1894 qui
2304 1829 2555 1891 deinceps
2588 1827 2763 1890 seqni-

1705 1914 1810 1967 tur,
1844 1905 2046 1969 profert
2078 1906 2363 1956 Firmiauua
2402 1903 2653 1952 adversus
2676 1913 2763 1950 eos

1702 1982 1791 2046 qui
1812 1988 2011 2032 statuas
2045 1983 2227 2030 colunt
2257 1987 2313 2030 et
2345 1988 2682 2040 venerantur,
2712 1981 2767 2032 2.

1704 2063 1755 2108 3.
1780 2059 1902 2108 Div.
1926 2057 2057 2108 [nst.
2088 2060 2103 2087 ‘
2126 2056 2360 2106 efficiunt
2378 2055 2632 2106 humileis’
2676 2069 2767 2104 au—

1704 2142 1831 2198 tem,
1867 2136 1899 2186 i.
1924 2150 1971 2186 e.
2008 2135 2293 2197 varanem,
2326 2133 2391 2182 ad
2423 2136 2617 2182 terram
2640 2131 2769 2194 abji-

1704 2212 1865 2265 ciunt.
1897 2211 2067 2270 Lumo,

1768 2292 1831 2338 57
1872 2287 1995 2336 Nam
2018 2286 2129 2336 b‘ene
2148 2285 2229 2350 qni
2248 2286 2487 2350 didicere]
2512 2284 2619 2335 Hic
2646 2299 2769 2334 ver-

1702 2379 1786 2418 sus
1824 2379 1941 2414 cum
1994 2372 2113 2413 octo
2148 2363 2394 2426 deinceps
2430 2361 2767 2426 sequentibus

1697 2439 1809 2502 jam
1832 2446 1953 2489 ante
1975 2439 2131 2501 positi
2154 2444 2276 2488 sunt
2298 2439 2383 2488 lib.
2406 2445 2459 2487 5.
2500 2438 2670 2488 Lumb.

1769 2513 1996 2564 Securum
2012 2527 2155 2576 agere
2176 2513 2349 2576 avum]
2376 2513 2533 2564 Hunc
2557 2527 2771 2566 versum

1705 2591 1937 2652 paullum
1990 2589 2319 2638 immutatum
2358 2595 2627 2641 mutuatus
2680 2596 2771 2638 est

1710 2665 1841 2715 Hor.
1895 2667 2058 2738 Serm-
2104 2672 2151 2718 1.
2194 2673 2242 2716 5.
2285 2671 2399 2719 101.
2431 2667 2592 2716 ‘Non
2634 2679 2767 2730 ego:

1704 2753 1927 2804 namque
1954 2742 2099 2792 Deos
2134 2741 2295 2792 didici
2328 2755 2568 2793 securum
2612 2756 2770 2804 agere

1708 2817 1912 2865 aevuml
1965 2817 2133 2868 Lumb.
2196 2817 2415 2868 Tertull.
2462 2818 2533 2866 de
2590 2818 2767 2868 Anim.

1706 2906 1827 2953 cap.
1848 2896 1929 2942 46.
1958 2892 1974 2919 ‘
1994 2895 2143 2943 Vana
2167 2893 2218 2943 in
2240 2901 2407 2943 totum
2424 2893 2623 2943 somnia
2646 2895 2773 2956 Epi-

1708 2983 1861 3019 curus
1889 2969 2165 3034 judicavit,
2204 2971 2433 3024 liberans
2466 2987 2497 3025 a
2541 2972 2770 3032 negotiis

1709 3046 2078 3107 Divinitatem,
2112 3054 2169 3099 et
2210 3047 2497 3099 dissolvens
2530 3046 2771 3099 ordinem

1708 3135 1901 3184 rerum,
1922 3123 2052 3173 etin
2082 3123 2383 3184 passivitate
2414 3123 2587 3170 omnia
2624 3137 2771 3185 spar-

1710 3211 1855 3258 gens,
1876 3203 1935 3246 ut
1968 3197 2179 3246 eventui
2213 3196 2469 3262 exposita,
2504 3206 2562 3246 et
2584 3198 2771 3254 fortui-

1712 3271 1800 3328 ta?
1834 3271 1968 3326 an.

1773 3352 1837 3398 64
1874 3350 2003 3406 Quid
2030 3357 2245 3414 nequeat,
2272 3351 2381 3416 θα]
2438 3351 2543 3402 Hic
2570 3366 2771 3416 versus,

1710 3431 1765 3474 et
1786 3432 2043 3488 praeterea
2081 3429 2124 3477 is
2146 3429 2235 3492 qui
2258 3429 2491 3492 proxime
2514 3429 2777 3494 sequitur²

1711 3501 1826 3554 libr.
1850 3507 1897 3552 l.
1928 3503 2123 3566 positus
2146 3511 2229 3554 est
2250 3504 2366 3557 fere
2386 3505 2439 3554 in
2464 3505 2689 3567 princip.
2714 3512 2770 3554 et

1709 3578 1798 3628 lib.
1822 3585 1871 3628 5.
1891 3579 2015 3630 item
2040 3582 2091 3631 in
2118 3581 2335 3644 princip.
2390 3583 2653 3634 Quoniam
2678 3597 2767 3633 au-

1710 3659 1813 3707 tem
1850 3653 1987 3718 fugit
2019 3671 2101 3706 me
2125 3665 2280 3720 antea
2303 3656 2583 3706 admonere
2606 3659 2769 3706 lecto-

1710 3743 1836 3792 rem,
1874 3730 1998 3782 mihi
2032 3732 2303 3795 aliquando
2338 3733 2503 3782 visum
2538 3747 2674 3796 esse,
2710 3739 2771 3781 ⁴et

1708 3805 1986 3857 etiamnum
2033 3807 2215 3868 videri,
2266 3809 2405 3862 hunc
2458 3821 2666 3858 versum
2715 3809 2769 3858 in

1707 3879 1941 3928 omuibus
1978 3881 2103 3930 locis
2136 3884 2209 3932 sic
2247 3898 2447 3947 quoque
2472 3885 2573 3947 legi
2599 3899 2773 3948 posse,

1710 3954 1928 4008 Qudnam
1950 3957 2019 4004 sit
2038 3958 2242 4018 ratione,
2260 3964 2306 4008 et
2328 3971 2469 4022 quam
2483 3963 2581 4010 alte
2604 3963 2768 4010 termi-

1706 4043 1797 4080 nus
1818 4031 2032 4082 haerens.-
2068 4033 2149 4082 vel
2174 4034 2273 4095 si‘c,
2311 4035 2527 4089 Quonam
2560 4039 2625 4085 sit
2647 4039 2771 4086 rati-

1703 4118 1811 4166 ·one,
1830 4110 1970 4167 atque
1992 4108 2087 4155 ulte
2102 4110 2327 4158 cenninus
2347 4111 2532 4160 luet-ens
2545 4128 2563 4161 .-
2595 4113 2648 4163 id
2668 4113 2769 4167 hoc

1707 4179 1821 4242 loco
1843 4183 2285 4244 praete1·ire,nolui.
2328 4186 2465 4236 Nam
2490 4189 2627 4253 quod
2654 4191 2767 4255 qui-
