3200 4959
629 444 659 507 1
672 442 803 509 ‘702

632 600 779 665 tibus]
817 599 1056 650 Britanni
1076 599 1143 650 ab
1166 599 1427 665 aquilone,
1446 605 1501 649 et
1523 616 1554 649 a
1575 612 1692 663 aep-

634 678 1003 727 tentrionibus:
1044 676 1278 740 AEgyptii
1315 690 1348 724 a
1382 674 1599 724 meridie
1639 680 1697 724 et

637 762 843 804 austroz
897 752 1107 801 Pontici
1166 767 1197 801 a
1255 752 1549 814 subsolano,
1605 765 1696 800 sen

640 845 786 893 euro,
806 838 863 879 et
894 829 1123 879 oriente:
1149 828 1413 879 Gaditani
1436 844 1467 878 a
1488 827 1698 878 favonio

638 914 695 956 et
711 904 1003 956 occidente.
1036 903 1204 955 Lmb.

704 986 827 1033 1111
867 982 936 1029 Et
954 980 1105 1029 morbi
1120 978 1406 1041 generatim]
1443 980 1511 1029 Et
1529 976 1698 1027 morbi

638 1058 883 1106 videntur
905 1056 1187 1119 generatim
1208 1056 1445 1105 nationes
1463 1055 1599 1119 ipsas
1622 1056 1698 1104 in·

640 1132 805 1184 festas
827 1134 1036 1183 habere.
1069 1132 1239 1181 Lamb.

708 1213 837 1258 1112
886 1210 979 1257 Est
1031 1209 1215 1271 elephas
1268 1207 1477 1270 morbus]
1544 1208 1701 1257 Hunc

642 1284 879 1334 morbum
912 1284 1239 1347 ἆλεφαννίασιν
1272 1290 1457 1334 vocant
1490 1284 1700 1334 Graeci:

646 1360 714 1409 de
753 1376 854 1424 quo
892 1362 1005 1424 lege
1042 1361 1248 1411 Cornel.
1294 1362 1497 1411 Celsum
1532 1365 1581 1410 8.
1621 1365 1704 1411 26.

644 1436 810 1485 anb.
878 1436 1051 1499 Vulgo
1088 1437 1105 1464 ‘
1130 1437 1578 1499 Eleophantiasin’
1621 1451 1707 1486 vo·

646 1520 799 1562 cautt
849 1512 1123 1575 aliqnando
1162 1519 1217 1561 et
1252 1513 1267 1540 ‘
1293 1510 1706 1574 Elephantiamz’

648 1587 743 1637 aed
766 1595 821 1636 et
842 1588 1101 1636 nonnullis
1118 1589 1291 1637 dictus
1310 1594 1391 1637 est
1412 1587 1708 1649 λεοηίασιςς

648 1676 713 1711 eo
754 1663 891 1711 enim
941 1664 1123 1711 morbo
1167 1663 1329 1712 vetuli
1378 1664 1568 1725 leones,
1621 1664 1710 1727 qui

646 1738 791 1787 feras
834 1738 1077 1801 consequi
1135 1737 1271 1786 baud
1328 1746 1560 1801 possunt,
1598 1737 1710 1789 fere

650 1814 957 1879 plerumque
978 1819 1261 1875 tentantur,
1298 1818 1353 1863 et
1383 1814 1559 1863 inedia
1579 1812 1712 1865 facit

654 1896 715 1941 nt
736 1895 1058 1939 exarescant.
1098 1890 1271 1940 Faber.
1338 1891 1355 1918 ‘
1380 1890 1714 1954 Elephantia’

646 1972 709 2016 et
728 1971 745 1994 ‘
771 1964 1181 2029 Elephantiasis’
1204 1965 1413 2025 dicitur,
1444 1971 1497 2014 et
1524 1966 1612 2014 alii
1635 1982 1715 2017 as·

650 2048 853 2103 serunt,
886 2042 1023 2091 bunc
1061 2040 1303 2091 Morbum
1327 2040 1575 2091 infestare
1600 2049 1712 2091 tan-

657 2127 765 2170 tum
790 2120 981 2167 incolas
1016 2118 1224 2182 AEgypti
1258 2119 1343 2183 qui
1378 2118 1443 2167 de
1472 2120 1605 2178 ,Nilo
1640 2119 1714 2167 bi-

652 2197 803 2246 bunt.
870 2195 945 2244 At
990 2194 1173 2245 Celsus
1218 2198 1266 2243 8.
1308 2198 1389 2245 25.
1451 2197 1466 2223 ⁸
1496 2195 1715 2257 Ignotus

653 2286 789 2337 pene
828 2272 879 2320 in
906 2272 1092 2320 Italia:
1120 2272 1171 2319 in
1206 2270 1511 2335 quibusdam
1548 2270 1715 2333 regio·

656 2348 806 2397 nibus
848 2347 1288 2411 frequentissimus
1331 2352 1414 2396 est
1463 2347 1721 2396 morbust'

654 2424 775 2473 vide
800 2423 964 2485 plura.
1012 2422 1202 2471 Creech.

724 2503 853 2548 1114
884 2497 1087 2546 Atthide
1123 2496 1392 2558 tentantur]
1438 2497 1504 2545 In
1542 2497 1718 2549 Attica

658 2577 931 2624 tentantur
983 2570 1160 2634 pedes.
1203 2570 1570 2622 ·Atl¹enienses
1628 2589 1716 2638 po-

658 2648 819 2712 dagra
832 2660 1015 2709 magna
1030 2661 1097 2696 ex
1113 2653 1264 2710 parte
1280 2647 1532 2697 laborant.
1552 2649 1718 2697 Lamb-

660 2722 884 2773 Casaub.
898 2723 961 2771 ad
978 2722 1315 2786 Theophrasti
1337 2724 1577 2774 Char-act.
1602 2738 1718 2788 cap.

658 2804 744 2851 20.
769 2816 822 2863 p.
856 2802 975 2849 316.
1009 2804 1163 2863 putat
1194 2799 1263 2847 de
1298 2800 1541 2848 tibiarum
1577 2801 1718 2849 ulee-

662 2876 807 2925 ribus
844 2878 949 2939 agi,
984 2890 1133 2939 quem
1166 2874 1401 2924 morbum
1434 2890 1535 2923 non
1558 2874 1719 2925 infre-

663 2956 906 3016 quentem
928 2949 1087 2999 fuisse
1110 2949 1327 3002 Athenis
1361 2949 1720 3013 Aristophanis

662 3028 855 3079 ibidem
882 3030 1040 3077 allata
1058 3029 1171 3077 loca
1192 3043 1258 3077 ex
1296 3028 1452 3077 Pluto
1485 3032 1534 3077 3.
1569 3032 1617 3078 3.
1640 3032 1719 3078 14.

662 3111 719 3155 et
750 3104 924 3169 Equit.
945 3108 997 3153 2.
1020 3107 1069 3153 4.
1090 3107 1172 3152 71.
1206 3110 1267 3152 ut
1300 3110 1355 3151 et
1377 3103 1539 3165 ipsius
1560 3104 1722 3152 Tbeo-

662 3182 779 3245 phr.
802 3182 889 3245 qui
922 3178 1041 3239 ἕλκη
1062 3178 1192 3243 ἔχειν
1210 3180 1263 3228 ἐν
1289 3182 1389 3229 τοῖς
1418 3178 1725 3240 &immutans

663 3258 909 3321 appellat.
976 3258 1128 3309 Quod
1156 3262 1329 3307 tamen
1361 3246 1525 3305 minus
1544 3255 1725 3319 probo,

664 3346 822 3398 quum
844 3334 929 3382 vel
951 3334 1027 3383 sic
1056 3332 1234 3383 affecti
1270 3333 1530 3382 ambulare
1562 3334 1725 3395 possi-

664 3422 807 3471 mus3
834 3424 1037 3473 gressus
1054 3416 1227 3459 autem
1249 3410 1435 3458 merito
1454 3416 1726 3458 tentantur

666 3483 897 3546 podagra
922 3484 1291 3532 laborantibus.
1324 3484 1452 3533 Hau.

735 3560 963 3621 Oculique
992 3559 1045 3607 in
1076 3560 1267 3608 Actaeis
1282 3558 1493 3623 finibus]
1538 3558 1723 3608 Achivi

668 3634 836 3681 solent
858 3634 1120 3683 oculorum
1154 3634 1331 3682 dolore
1372 3632 1524 3693 affici,
1544 3648 1635 3683 seu
1659 3648 1724 3683 ex

668 3708 827 3757 oculis
847 3708 1102 3758 laborare.
1134 3708 1301 3759 Lamb.

735 3786 864 3832 1116
900 3783 1185 3846 Cone-ianm]
1240 3782 1433 3844 Efficit,
1482 3790 1541 3833 ut
1582 3798 1726 3847 saepe

668 3858 807 3909 alibi.
842 3858 1007 3908 Lamb.
1076 3858 1265 3909 Efficit.
1306 3860 1477 3909 Faber.

651 3956 661 3961 ·
734 3941 861 3986 1117
902 3938 1042 3986 Forte
1062 3934 1309 3999 venenum]
1336 3936 1425 3985 Sic
1456 3936 1726 3985 emendavi

670 4028 735 4063 ex
758 4022 869 4077 opt.
893 4013 1058 4077 Lugd.
1076 4015 1195 4063 Bat.
1214 4013 1363 4063 sicet
1386 4012 1658 4061 Lucretius
1675 4016 1725 4060 4.

668 4086 783 4137 62²1.
846 4090 861 4116 ‘
886 4088 961 4138 Ut
998 4090 1132 4154 quod
1172 4088 1267 4137 alis
1306 4088 1452 4137 cibus
1488 4094 1583 4151 est,
1620 4088 1728 4137 aliis

670 4158 784 4209 fuat
808 4177 925 4211 acre
958 4165 1249 4213 venenum-⁹
1278 4170 1334 4213 et
1364 4164 1490 4212 ibid.
1514 4178 1588 4211 vs.
1613 4168 1727 4212 644.

668 4243 685 4265 ¹
711 4236 977 4285 Praeterea
1014 4238 1163 4287 nobis
1196 4244 1455 4287 veratrum
1491 4247 1572 4286 est
1609 4252 1728 4287 acre

672 4310 968 4361 venenum!
1044 4312 1179 4360 Nam
1223 4313 1357 4375 quod
1404 4314 1598 4375 vulgati
1644 4314 1729 4361 ha-

1308 456 1525 505 NOTAE
1572 454 1976 505 VARJORUM
2031 456 2104 505 m

1763 599 1910 661 beut,
1920 599 2056 660 sorte
2087 598 2310 661 alienum,
2329 598 2396 648 de
2422 599 2556 648 omni
2581 596 2707 649 ae’re
2727 598 2834 649 dici

1767 682 1943 740 potest
1964 676 2048 725 cui
2083 688 2183 725 non
2221 676 2558 738 assuevimus,
2586 677 2720 726 licet
2739 677 2838 725 ini»

1767 766 1863 800 nus
1885 752 2053 801 noxio.
2086 752 2218 799 Han.

1834 832 1961 879 1120
1997 829 2220 892 Condat]
2253 828 2424 893 Cogit.
2471 828 2634 877 Lami».

1836 910 1961 955 1123
1999 904 2356 967 pestilitasque]
2405 905 2473 954 Et
2505 904 2831 967 pestilentia:

1770 991 1829 1033 nt
1849 996 2022 1045 snpra.
2089 982 2254 1030 Hunc:
2271 996 2474 1029 versum
2500 978 2700 1043 profert
2725 980 2834 1032 No-

1769 1060 1908 1120 nius,
1927 1066 1986 1107 nt
2007 1057 2251 1106 diximus.
2285 1056 2452 1105 Lamo.

1839 1136 1965 1183 1124
1999 1132 2236 1193 Per-sidit]
2275 1132 2361 1181 Sic
2401 1132 2696 1195 legendum,-
2732 1146 2834 1182 non

1768 1208 2002 1273 praen'dit.
2067 1207 2246 1256 Lamb.

1839 1288 1966 1332 1125
2008 1282 2286 1345 Hominum]
2323 1282 2548 1333 Quidam
2585 1282 2724 1345 libri,
2757 1284 2838 1331 ho-

1775 1358 1908 1407 mini.
1943 1357 2052 1407 Gif.

1842 1438 1971 1484 112⁹
2007 1435 2254 1483 Consimili
2287 1436 2470 1483 ratione
2506 1436 2635 1483 uenit
2669 1434 2838 1497 bubus]

1778 1510 1926 1573 Vir-g.
1951 1510 2139 1571 Georg.
2163 1514 2211 1558 8.
2233 1514 2346 1569 470.
2411 1512 2428 1539 ‘
2454 1511 2569 1559 Nec
2593 1518 2699 1559 tam
2725 1526 2846 1569 cre-¹

1777 1584 1874 1634 ber
1895 1600 2050 1648 agens
2073 1585 2290 1633 hiemem
2315 1585 2420 1633 ruit
2442 1600 2646 1649 aequore
2671 1586 2844 1649 turbo,

1783 1662 1950 1712 Quam
1988 1660 2166 1709 multae
2205 1662 2458 1722 pecudum
2493 1670 2708 1723 pestes:
2741 1676 2838 1710 nec

1783 1738 1980 1800 singula
2025 1734 2190 1784 morbi
2237 1737 2476 1798 Corpora
2533 1738 2844 1800 corripiunt,

1786 1811 1880 1861 sed
1903 1819 2012 1860 tota
2034 1811 2212 1859 aestiva
2235 1811 2490 1873 repente‚'
2513 1815 2613 1860 ἃς.
2647 1813 2822 1861 Lamo.

1849 1889 1978 1934 1130
2000 1886 2164 1935 Etiam
2175 1886 2376 1948 pertibus
2387 1886 2652 1935 balantibus
2663 1886 2842 1950 teg-ror]

1787 1963 1916 2013 Cum
1940 1963 2160 2011 inlibris
2192 1978 2448 2013 manuscr.
2481 1965 2556 2013 ita
2589 1966 2841 2028 scripturn

1787 2042 2116 2103 reperissem,
2155 2042 2314 2090 Etiam
2344 2042 2500 2105 pigris
2529 2042 2845 2091 laetatione·

1783 2130 1930 2177 gror:
1983 2115 2034 2164 iu
2080 2116 2300 2178 vulgatis
2341 2122 2514 2165 autem
2567 2120 2844 2181 plerisque,

1789 2192 2028 2253 Pecudum
2047 2191 2280 2239 balatibus
2290 2194 2464 2253 egris.-
2500 2194 2550 2240 in
2573 2195 2847 2254 nonnullis,

1791 2268 2031 2316 pecudum
2061 2268 2293 2317 talaribus
2323 2284 2452 2329 «τετε
2466 2285 2486 2318 .·
2519 2270 2741 2332 primum
2774 2269 2845 2327 fa-

1791 2342 1892 2392 cile
1926 2343 2061 2391 sensi
2083 2344 2136 2391 iu
2176 2344 2275 2394 hoc
2304 2343 2419 2393 loeo
2451 2345 2693 2393 mendum
2727 2346 2845 2394 sub-

1791 2432 1934 2467 esse:
1994 2418 2184 2467 deinde
2236 2420 2480 2469 continuo
2535 2420 2732 2483 conjeci
2776 2420 2848 2470 sic

1789 2510 1906 2544 esse
1944 2496 2239 2559 legendum,
2277 2498 2486 2559 pecudis,
2523 2512 2614 2545 seu
2652 2497 2849 2559 pet-abu

1792 2574 1981 2636 potius,
2038 2574 2302 2623 balantibus
2360 2590 2535 2637 oegror.
2611 2576 2628 2601 ‘
2651 2573 2852 2625 Pecua’

1793 2654 1963 2698 autem
1988 2655 2042 2697 et
2063 2650 2080 2677 ⁴
2103 2649 2330 2711 pecuda'
2369 2650 2620 2699 dixerunt
2656 2650 2849 2714 antiqui

1791 2738 1888 2787 pro
1931 2738 2153 2787 pecora:
2210 2724 2348 2774 unde
2387 2729 2403 2754 ⁸
2445 2740 2528 2773 res
2573 2724 2852 2787 pecuaria:

1793 2805 1928 2847 teste
1953 2800 2154 2847 Nonio:
2191 2800 2278 2862 qui
2299 2812 2474 2849 rursus
2509 2809 2704 2863 praeter
2726 2802 2850 2851 alio·

1793 2872 1981 2925 testem
2005 2876 2136 2924 citat
2157 2874 2458 2925 Ciceronem
2483 2876 2570 2925 lib.
2591 2882 2640 2927 4.
2657 2876 2725 2925 de
2743 2886 2850 2939 rep.

1794 2954 1811 2981 ⁸
1835 2953 1966 3001 Cum
1991 2951 2238 3000 adhibent
2273 2952 2328 3001 in
2349 2952 2550 3013 pecuda
2573 2950 2854 3015 pastores‚’

1795 3027 1927 3077 citat
1955 3034 2012 3077 et
2049 3025 2321 3075 Caecilium‘
2353 3026 2598 3075 Umbris:
2629 3028 2646 3055 ‘
2673 3028 2744 3077 Et
2765 3028 2851 3076 bo·

1795 3102 1938 3162 mini,
1992 3108 2047 3150 et
2103 3103 2330 3165 pecubus
2376 3102 2652 3151 omnibus!
2734 3104 2854 3154 Jam

1796 3180 1813 3207 ‘
1839 3177 2028 3240 aegror’
2052 3178 2205 3227 etiam
2239 3177 2471 3226 morbum
2511 3179 2744 3239 corporis
2781 3179 2856 3227 in-

1799 3254 2000 3303 terdum
2029 3252 2300 3317 signifieat.
2334 3254 2501 3303 Lamo.
2569 3254 2654 3303 lta
2679 3254 2858 3321 (Pecu-

1799 3329 1884 3377 bus
1921 3329 2184 3377 balantibus
2223 3328 2405 3394 aegror)
2444 3345 2508 3377 ex
2561 3339 2669 3379 vet.
2716 3332 2858 3384 libris

1798 3406 1934 3454 hunc
1970 3406 2133 3454 locum
2169 3407 2394 3455 restitui.
2460 3407 2612 3467 Vulg.
2633 3411 2860 3469 pec-dimi

1797 3480 2032 3529 balatibus
2049 3481 2212 3541 oegris.
2278 3480 2394 3529 Hoc
2428 3481 2682 3531 Marullus
2705 3498 2862 3535 nova·

1800 3556 1876 3603 vit
1897 3563 2082 3605 eontra
2103 3566 2207 3605 vet.
2231 3556 2407 3605 libros.
2455 3558 2587 3607 Vide
2611 3558 2863 3611 Iudicem.

1806 3630 1974 3691 Gifan.
2779 3648 2784 3651 ·

1867 3710 1996 3755 1132
2031 3707 2181 3755 Nobis
2201 3708 2422 3771 adversa]
2453 3708 2499 3757 1.
2525 3722 2573 3757 e.
2595 3710 2746 3758 nobis
2768 3712 2862 3760 ini-

1803 3783 1936 3831 mica
1970 3791 2025 3831 et
2059 3782 2268 3832 infesta.
2303 3786 2499 3833 adversa
2536 3791 2712 3833 autem
2750 3802 2865 3836 esse

1801 3858 2098 3921 legendum,
2121 3872 2222 3906 non
2243 3860 2446 3922 diense,
2471 3860 2724 3911 evincunt
2746 3862 2867 3912 libri

1803 3946 1906 3989 vet.
1932 3940 1980 3987 in
2005 3940 2190 4003 quibus
2214 3942 2398 4003 partim
2424 3942 2578 4004 plane
2595 3942 2694 3991 boc
2713 3944 2866 3993 modo

1803 4016 2054 4077 scriptum
2073 4022 2173 4075 est,
2189 4016 2371 4076 partim
2389 4018 2450 4065 ad
2467 4017 2670 4066 diversa.
2687 4032 2868 4081 quarn-

1805 4105 1956 4153 quam
1987 4090 2200 4139 defendi
2237 4090 2456 4140 fortasse
2498 4102 2674 4155 potest
2703 4090 2866 4145 sectio

1807 4166 2036 4227 vulgata,
2063 4166 2208 4215 Nobis
2238 4168 2439 4227 diversa,
2473 4181 2569 4230 pro
2591 4186 2622 4219 a
2643 4171 2779 4220 uobis
2793 4175 2864 4221 di-

1805 4256 1972 4297 versa;
2005 4242 2040 4289 i.
2074 4258 2121 4289 e.
2163 4242 2214 4289 in
2251 4243 2436 4305 quibus
2477 4258 2580 4293 non
2603 4248 2866 4297 consuevi-

1809 4330 1921 4363 mus
1945 4317 2264 4366 commorari.
2297 4318 2462 4368 Lamo.
2500 4320 2586 4369 lta
2609 4329 2716 4373 vet.
2734 4324 2866 4373 libri.
