3200 4959
591 414 764 499 1423

591 578 757 643 Lomb.
819 578 1120 643 poplitesque
1135 578 1404 643 procubat.
1470 578 1556 629 Its
1579 594 1645 629 ex

593 657 823 719 vestigiis
841 663 942 705 vet.
961 656 1222 706 librorum.
1265 656 1326 704 In
1341 655 1647 719 quibusdam

593 740 706 781 erat
725 749 736 779 :
757 730 1052 794 procubontt‘.
1066 738 1125 781 ut
1139 732 1206 785 sit
1225 734 1429 781 luxatus
1451 747 1649 793 versus,

591 810 788 871 optime
811 822 1094 871 congruens
1132 810 1316 861 luxatis
1352 812 1648 872 poplitibus.

589 884 806 947 Versum
829 890 1130 947 sequentem
1151 901 1164 933 ε
1200 884 1337 947 Saepe
1358 886 1502 935 etiam
1521 901 1646 935 sum-

587 960 845 1011 mittantur
877 960 1086 1023 viresque
1120 962 1373 1019 resolvam.
1409 969 1466 1011 ut
1502 962 1647 1024 inep-

592 1044 720 1097 tum,
743 1044 797 1085 et
823 1052 1021 1099 prorsus
1045 1037 1272 1096 nothum,
1295 1037 1493 1098 delevi3
1521 1038 1649 1087 licet

587 1114 656 1175 sit
694 1114 744 1161 in
786 1120 890 1164 vet.
927 1114 1089 1163 libris.
1161 1113 1546 1177 Παρεμβέβλητο,
1582 1130 1649 1171 eze

592 1193 834 1249 mendosa
873 1193 967 1241 liac
999 1192 1276 1253 scriptura.
1313 1190 1483 1250 Gifan.
1550 1192 1649 1241 Ex·

590 1267 893 1329 pungendus
932 1274 1015 1315 est
1037 1267 1202 1330 (Soepe
1231 1269 1393 1329 etiam,
1423 1266 1532 1329 ξε.)
1565 1268 1651 1318 bic

591 1356 784 1392 versus.
836 1342 1005 1391 Faber.
1084 1342 1326 1393 Gifanius
1367 1343 1654 1403 Procubant,

590 1424 651 1470 ut
690 1419 892 1467 luxatus
924 1433 1100 1467 versus
1137 1419 1324 1467 luxatis
1362 1418 1651 1481 poplitibus

589 1494 900 1553 conveniam
936 1494 1135 1556 putide.
1188 1494 1372 1543 cubant
1407 1509 1492 1555 pro
1524 1496 1651 1543 Tur-

589 1568 770 1621 nebus.
817 1569 920 1617 Alii
941 1576 1110 1619 autem
1131 1570 1331 1631 legunt,
1347 1568 1650 1631 Poplitesque

589 1646 794 1702 cubanti,
811 1652 867 1693 et
885 1644 1195 1707 subjungunt
1210 1645 1344 1707 Soepe
1358 1646 1500 1695 etiam
1523 1661 1650 1695 sum-

589 1720 866 1780 mittuntur,
917 1721 1126 1782 viresque
1175 1721 1434 1771 resolvunt.
1524 1719 1651 1781 Alii,

587 1793 726 1857 ›S'oepe
760 1800 890 1843 tama
924 1796 1298 1857 summittuntur,
1328 1796 1544 1861 viresque
1579 1810 1653 1845 re·

587 1873 788 1922 solvunt.
859 1872 1066 1925 Dicitur
1088 1880 1260 1923 autem
1292 1874 1307 1898 ‘
1329 1872 1502 1934 tama‚'
1533 1886 1649 1921 cum

586 1946 768 1997 labore
793 1946 889 1995 viae
911 1947 1117 2008 sanguis
1153 1948 1208 1995 in
1245 1961 1399 1997 crura
1435 1947 1652 1998 descen-

586 2022 687 2084 dit,
710 2030 765 2072 et
787 2030 1040 2073 tumorem
1060 2021 1218 2074 facit:
1245 2024 1448 2073 Festus.
1501 2024 1650 2073 Lani-

588 2098 766 2149 binum
789 2112 912 2147 vero
931 2112 1137 2161 sequor,
1158 2098 1246 2161 qni
1281 2099 1409 2161 legit
1437 2113 1651 2161 procum-

589 2172 722 2236 bunt,
775 2181 831 2223 et
876 2188 1076 2223 versum
1125 2174 1286 2236 Smpe,
1327 2177 1408 2235 dfe.
1463 2174 1650 2236 rejicit,

593 2248 786 2297 Greecli.
855 2249 1152 2310 Poplitesque
1183 2250 1488 2311 procumbunt
1512 2248 1653 2310 Saepe

591 2324 736 2373 etiam
759 2324 1121 2388 submittuntur,
1155 2326 1368 2389 viresqne
1397 2327 1651 2375 resolvunt.

589 2401 714 2449 Mss.
755 2401 894 2463 Soepe
932 2406 1106 2451 tamen.
1160 2403 1316 2465 Lege,
1349 2402 1652 2465 Poplitesquc

588 2475 778 2525 cubanti
819 2476 957 2539 Saepe
998 2481 1130 2525 tama
1169 2476 1527 2540 submittuntur,
1569 2480 1651 2539 ssc-

587 2552 603 2578 ‘
627 2550 914 2601 Cubautem
952 2556 1170 2601 tamam’
1204 2552 1354 2614 dicit,
1385 2554 1522 2617 qnod
1561 2553 1652 2603 de-

590 2640 762 2675 orsum
797 2627 858 2675 ad
893 2624 1054 2688 pedes
1093 2627 1291 2686 tendat.
1325 2628 1401 2677 sic
1433 2644 1550 2692 sup.
1575 2644 1649 2680 vs.

585 2705 702 2751 52⁰.
743 2701 1021 2758 ‘cubantia
1060 2702 1240 2753 tecta!
1316 2703 1461 2753 Idem
1505 2719 1651 2754 error

585 2777 725 2839 apud
771 2778 1017 2839 Nonium,
1059 2780 1110 2827 in
1151 2794 1302 2830 versu
1349 2781 1551 2843 Lucilii,
1595 2782 1649 2829 in

589 2866 718 2903 voce
743 2856 759 2882 ‘
779 2852 1025 2903 differre!
1079 2856 1184 2905 Ubi
1209 2870 1302 2918 pro
1326 2861 1453 2915 tama
1473 2856 1649 2907 simili·

589 2936 672 2978 ter
706 2929 896 2991 legitur
929 2936 1099 2980 tamen.
1166 2932 1386 2982 ‘Tama’
1419 2932 1543 2994 quid
1579 2933 1657 2981 sit

586 3004 743 3067 docet
767 3006 969 3058 Festus.
1000 3005 1208 3056 Vossius.
1251 3006 1425 3055 Multa
1443 3007 1651 3056 omnino

585 3080 763 3142 specie
781 3094 837 3129 se
852 3080 1175 3132 commendat
1191 3081 1306 3131 haec
1321 3081 1653 3143 conjectura;

588 3168 706 3203 nam
726 3156 857 3204 alter
875 3170 941 3205 ex
963 3156 1044 3205 his
1061 3156 1295 3205 versibus
1315 3156 1389 3205 ita
1404 3156 1649 3208 scribitur

589 3232 725 3294 apud
768 3232 1014 3295 Nonium,
1051 3233 1102 3281 in
1138 3235 1153 3261 ‘
1175 3232 1517 3295 Palpebrnm?
1583 3233 1648 3281 In

587 3310 754 3357 altero
791 3313 938 3369 tama,
983 3309 1288 3373 vocabulum
1332 3309 1650 3372 inusitatius,

586 3382 738 3431 facile
761 3383 1102 3446 degeneravit
1123 3386 1173 3432 in
1195 3390 1370 3447 tamen,
1385 3386 1490 3447 cui,
1507 3386 1645 3448 quod

585 3460 856 3510 sententiae
885 3460 1048 3509 minus
1071 3469 1407 3522 congrueret,
1428 3464 1570 3513 etiam
1591 3462 1647 3511 in

583 3536 886 3597 quibusdam
929 3535 1270 3588 substitutum
1307 3542 1408 3589 est.
1486 3535 1647 3598 Apud

583 3611 795 3661 Festum
820 3617 1024 3659 autem:
1061 3610 1076 3637 ‘
1099 3612 1257 3661 Tama
1280 3611 1489 3673 dicitur,
1527 3626 1643 3663 cum

580 3686 760 3738 labore
779 3687 874 3735 viae
891 3687 1100 3749 sanguis
1117 3686 1167 3736 in
1185 3700 1338 3736 crura
1357 3686 1648 3746 descendit,

585 3772 640 3811 et
658 3769 909 3810 tumorem
930 3758 1092 3812 facit!
1127 3761 1383 3811 Lucilius:
1409 3761 1425 3789 ‘
1441 3761 1642 3825 Inguen

584 3850 649 3891 ne
671 3836 880 3898 existat,
899 3837 1124 3899 papulae,
1146 3842 1304 3897 tama,
1327 3851 1392 3888 ne
1407 3835 1506 3885 boa
1523 3851 1644 3885 nox·

581 3913 662 3961 it:
726 3912 830 3961 Ubi
862 3912 1046 3961 vitium
1077 3912 1305 3974 corporis
1326 3926 1392 3961 ex
1416 3911 1644 3961 delassa-

584 3988 724 4039 tione
741 3994 1065 4039 contractum
1083 3988 1294 4051 proprie
1310 3993 1472 4039 notat.
1510 3989 1645 4039 Nos·

583 4070 664 4113 ter
685 4064 1030 4128 metonymice
1050 4060 1224 4113 forsan
1246 4078 1341 4127 pro
1364 4064 1478 4128 ipsa
1500 4062 1642 4113 lassi·

584 4137 765 4187 tudine
806 4138 994 4201 pedum
1036 4138 1322 4202 usurpavit,
1358 4146 1412 4187 et
1453 4138 1643 4187 cubanti

581 4213 756 4276 potius
789 4213 994 4262 dativus
1033 4228 1179 4264 casus
1215 4220 1315 4274 est,
1352 4230 1446 4278 pro
1481 4213 1643 4263 subsi-

581 4289 748 4353 denti,
769 4290 898 4351 sive,
921 4288 1050 4341 adeo
1085 4297 1147 4340 ut
1165 4290 1436 4354 subsidas,
1473 4304 1641 4353 neque

1286 434 1499 485 NOTAE
1549 437 1641 483 VA
1658 436 1951 489 motum
2000 436 2079 485 m

1718 586 1861 629 stare
1878 579 2097 642 amplius
2114 583 2203 627 aut
2227 590 2445 647 pergere
2462 592 2636 643 queas.
2670 576 2773 629 Ia·

1721 656 1893 718 quitur
1921 656 2059 705 enim
2094 654 2159 703 de
2198 668 2394 717 somno,
2432 670 2583 719 quem
2625 664 2775 705 satur

1717 739 1805 783 aut
1825 732 1987 781 lassus
2011 733 2063 781 in
2088 730 2263 794 primis
2286 732 2480 793 capias.
2532 733 2703 794 Preig.
2724 736 2773 782 et

1720 808 1851 855 flav.
2778 844 2785 851 .

1783 889 1881 935 952
1923 883 2111 933 Deinde
2148 881 2299 931 cibum
2334 882 2571 945 seqnitur]
2622 884 2787 943 Iden),

1720 959 1883 1013 tradit
1898 958 2061 1009 Arist.
2092 958 2181 1008 lib.
2220 958 2285 1009 dc
2321 974 2498 1009 somno
2516 968 2569 1007 et
2586 975 2773 1021 exiter-

1720 1037 1978 1085 rectione:
2014 1050 2199 1097 nempe
2220 1035 2325 1085 cibi
2342 1042 2397 1083 et
2420 1042 2573 1097 potus
2591 1038 2777 1090 halitus

1720 1111 1955 1167 humidos
1974 1126 2172 1161 sursum
2195 1110 2351 1159 ferri:
2378 1112 2463 1174 qui
2489 1113 2573 1168 nbi
2606 1113 2659 1161 in
2690 1128 2775 1161 su·-

1722 1204 1937 1253 pet-num
1959 1191 2127 1239 locum
2153 1190 2636 1251 pervenerint,tuuc
2656 1193 2789 1254 quia,

1722 1273 1841 1315 sunt
1858 1280 2042 1329 graves
2066 1272 2121 1315 et
2140 1265 2398 1327 corporei,
2436 1265 2673 1313 deorsum
2698 1280 2777 1315 re·

1723 1340 1961 1391 feruntur
1996 1349 2049 1391 et
2088 1341 2347 1403 recidunt,
2384 1349 2438 1391 et
2478 1354 2576 1389 una
2598 1356 2777 1391 secum

1724 1418 1945 1467 calorem
1968 1418 2176 1468 vitalem
2207 1424 2262 1465 et
2298 1414 2547 1481 nativum,
2578 1417 2662 1481 qui
2684 1433 2779 1465 sua

1724 1502 1906 1555 sponte
1925 1507 2124 1542 sursum
2160 1490 2347 1550 fertur,
2376 1491 2604 1552 rapiunt,
2635 1498 2688 1539 et
2711 1490 2777 1541 ad

1724 1568 1972 1617 interiora
1993 1568 2311 1627 detrudunt3
2346 1581 2447 1629 quo
2470 1565 2611 1614 facto
2636 1579 2781 1616 crea·

1725 1649 1809 1693 tur
1844 1660 2067 1695 somnus.
2130 1645 2317 1707 Itaque
2354 1658 2384 1693 a
2416 1642 2531 1691 cibo
2570 1656 2781 1701 somnus

1722 1720 1998 1769 altissimus
2030 1728 2085 1768 et
2119 1720 2447 1781 gravissimus
2460 1722 2579 1781 'esse
2610 1721 2777 1769 solet:

1726 1798 1951 1861 itemque
1984 1814 2017 1846 a
2047 1798 2243 1847 labore.
2275 1797 2420 1857 labor
2454 1796 2589 1847 enim
2618 1796 2781 1859 lique-

1723 1870 1867 1932 facit,
1890 1879 1945 1921 et
1962 1874 2104 1937 quasi
2125 1871 2395 1923 tabefacit.
2421 1872 2663 1936 quicquid
2688 1888 2795 1921 aum

1724 1954 1829 1997 tem
1867 1962 1933 1995 ex
1966 1962 2184 2010 corpore
2228 1948 2551 2011 liquescente
2583 1946 2778 1996 deteri·

1723 2028 1827 2085 tur,
1862 2030 1946 2073 est
1984 2024 2145 2073 veluti
2182 2025 2327 2074 cibus
2366 2038 2466 2074 non
2492 2030 2691 2087 coctus,
2723 2030 2780 2073 et

1725 2099 1933 2149 crudus.
1971 2100 2137 2149 Lemo.
2692 2117 2694 2121 ·

1787 2179 1883 2225 954
1920 2176 1989 2224 Et
2021 2177 2167 2223 mnata
2186 2189 2323 2237 sopor
2342 2176 2423 2224 ille
2438 2173 2775 2236 gravissumus]

1724 2250 1813 2299 Sic
1834 2249 1993 2300 Arist.
2029 2251 2209 2301 eodem
2248 2251 2381 2310 loco,
2412 2250 2548 2299 Μετὰ
2567 2248 2630 2299 τὰ
2650 2248 2785 2311 σιτίῳ

1724 2324 2029 2390 ἰσχυρότατος
2052 2328 2080 2378 ὁ
2098 2326 2237 2377 ὕπνος
2257 2325 2456 2388 γίνεται,
2480 2328 2513 2375 i.
2534 2341 2581 2375 e.
2617 2331 2630 2353 ‘
2647 2326 2783 2376 Post

1723 2402 1868 2451 cibos
1889 2403 2226 2453 validissimus
2248 2401 2307 2453 fn
2329 2401 2569 2454 somnus?
2589 2401 2759 2461 Lamo.

1788 2483 1883 2529 965
1922 2480 2051 2535 Quia
2079 2478 2302 2542 plurima,
2338 2477 2445 2541 ξω]
2480 2479 2565 2527 De
2602 2490 2789 2535 somuo,

1726 2555 1891 2605 saturi
1911 2555 2022 2617 jam
2044 2562 2213 2604 actum
2238 2563 2338 2616 est,
2361 2562 2414 2602 at
2433 2561 2655 2617 quatuor
2678 2567 2779 2603 πε.

1725 2631 1811 2694 qui
1841 2630 2088 2695 deinceps
2112 2638 2415 2693 sequuntur,
2446 2630 2656 2691 docent,
2687 2641 2781 2675 eur

1723 2705 2054 2768 gavissimus
2076 2706 2145 2755 sit
2166 2706 2254 2754 ille
2284 2718 2493 2765 somnus
2510 2719 2661 2767 quem
2680 2705 2781 2756 las-

1726 2796 1811 2831 sus
1834 2781 2041 2846 περίεις
2076 2788 2231 2845 atque
2252 2780 2369 2836 inde
2384 2779 2541 2832 facile
2563 2780 2783 2844 intel-ligi

1725 2864 1900 2919 potest
1952 2855 2075 2919 quid
2116 2857 2280 2906 velint
2322 2870 2477 2907 voces
2516 2856 2785 2919 ‘Magnus

1726 2931 1927 2981 Labor’
1950 2946 2022 2980 vs.
2041 2934 2156 2982 956.
2187 2932 2251 2979 ab
2267 2931 2641 2993 interpretibus
2659 2947 2784 2980 non-

1723 3006 1845 3058 dum
1861 3007 1984 3055 satis
2000 3007 2294 3068 explicatae.
2332 3007 2521 3070 Crcecli·

1786 3087 1885 3133 956
1930 3084 2115 3141 Magno
2142 3086 2337 3133 contusa
2376 3082 2555 3143 labore]
2602 3082 2783 3133 Codex

1723 3158 1965 3207 Vatican.
1999 3157 2156 3205 habet
2194 3172 2418 3205 caucaso.-
2454 3160 2590 3210 unde
2611 3160 2781 3223 suspi-

1724 3241 1875 3285 catur
1930 3233 2171 3282 Muretus
2224 3233 2497 3295 legendum
2547 3249 2779 3286 concusso.

1726 3308 1901 3359 Ceteri
1918 3308 2119 3369 scripti,
2134 3308 2185 3355 in
2204 3308 2279 3355 bis
2297 3308 2648 3371 B‘ertinianus,
2662 3324 2783 3359 cum

1723 3384 1945 3447 vulgatis
1968 3383 2314 3446 consentiunt,
2352 3384 2437 3446 qni
2460 3385 2655 3436 hahent
2673 3401 2779 3436 con-

1723 3464 1846 3509 tusa.
1900 3459 2079 3511 Lamb.
2150 3461 2360 3510 Curicum
2390 3460 2559 3509 labore.
2626 3460 2781 3511 Hanc

1722 3549 1895 3585 veram
1935 3540 2067 3599 puto
2104 3534 2437 3597 scripturam,
2472 3550 2536 3583 ex
2572 3535 2781 3599 quibus·

1720 3610 1839 3660 dam
1880 3615 1988 3659 vet.
2032 3610 2183 3659 aliam
2221 3623 2342 3659 vero
2372 3614 2582 3673 comta,
2619 3611 2777 3679 etiarn

1721 3701 1824 3737 non
1878 3688 2084 3744 malam,
2138 3698 2204 3734 ex
2258 3687 2430 3749 glossa
2485 3687 2781 3750 inrepsisse,

1720 3761 1855 3819 Vide
1875 3761 2119 3809 Iudicem.
2142 3761 2311 3821 Gifan.
2338 3762 2561 3812 Contm.
2582 3762 2779 3811 Muret-

1723 3837 1975 3888 Concussu.
2011 3838 2200 3887 Faber.
2260 3874 2271 3883 ,

1783 3918 1879 3963 967
1912 3912 2161 3973 Conjectus
2194 3926 2335 3975 porro
2373 3912 2552 3963 animai
2594 3911 2781 3974 Altior]

1719 3988 1764 4038 1.
1792 4003 1839 4037 e.
1874 3989 2043 4036 anima
2081 3990 2132 4035 in
2168 3988 2379 4037 altiores
2413 3996 2469 4037 et
2507 3989 2779 4039 interiores

1718 4063 1913 4127 parteis
1938 4063 2165 4125 cogitur,
2188 4070 2243 4112 et
2258 4063 2535 4127 colligitur,
2547 4078 2637 4113 seu
2655 4077 2775 4112 con-

1718 4138 1963 4191 truditur.
1984 4137 2142 4201 altior,
2158 4139 2193 4187 i.
2212 4152 2258 4188 e.
2274 4139 2578 4200 abstrusior,
2597 4152 2775 4197 recon-

1718 4214 1892 4279 ditior.
1960 4215 2207 4265 Nonnulli
2246 4213 2332 4264 lib.
2369 4222 2543 4263 tamen
2582 4213 2777 4263 liabent.

1716 4291 1893 4351 arctim·
1916 4306 2007 4341 seu
2028 4290 2196 4341 artior.
2232 4290 2411 4341 Lamb.
