3200 4959
592 382 764 450 163ss

579 547 732 602 rant,
755 539 991 588 homines
1012 545 1368 600 morantur‚et
1402 539 1653 588 retinent.

592 617 780 680 Itaque
809 632 872 664 rx
907 614 1126 678 effectis,
1154 616 1204 666 h.
1241 630 1288 664 e.
1311 631 1375 664 ex
1411 631 1476 664 eo
1517 615 1653 678 qnod

595 692 785 754 pluvia*
842 691 1090 751 retinent,
1137 691 1322 740 durare
1361 690 1655 752 intelligun‘

593 773 697 816 tur.
749 766 910 815 Lamb.
980 767 1200 830 Morari,
1245 767 1383 815 domi
1425 765 1657 816 homines

595 843 840 891 retinere.
895 841 1067 891 Faber.
1430 891 1436 896 ,

661 921 759 964 519
794 916 954 964 Multa
987 915 1214 992 fugerunt]
1281 915 1476 964 Nescio
1544 913 1659 977 quis

595 991 744 1040 malta
781 989 1000 1054 flentur.-
1035 991 1138 1040 ista
1181 990 1476 1040 observatio
1521 989 1661 1038 nulla

601 1073 703 1117 est.
742 1065 934 1114 (ἵκει-ἠ.

665 1143 763 1188 ⁶22
803 1139 1030 1202 Rehalae]
1067 1138 1352 1190 Humorem
1371 1155 1400 1188 e
1423 1141 1554 1190 caelo
1573 1139 1662 1188 de-

597 1213 796 1274 lapsum
821 1214 1006 1262 iterum
1043 1221 1202 1277 atque
1237 1215 1425 1264 iterum
1460 1229 1663 1262 sursum

601 1288 758 1338 halat.
791 1287 959 1336 Lanae».
981 1295 1035 1338 et
1064 1289 1256 1338 Creech.

667 1368 766 1414 523
801 1363 934 1412 Hinc
973 1364 1052 1413 ubi
1081 1367 1150 1414 sol
1191 1364 1369 1427 radiis]
1403 1366 1558 1414 Nune
1597 1364 1665 1413 de

607 1451 752 1499 arcu,
799 1453 890 1486 seu
933 1453 1054 1487 arco
1096 1440 1308 1498 caelesti,
1356 1441 1442 1503 qui
1487 1440 1588 1488 Iris
1636 1454 1667 1487 a

595 1513 806 1570 ‚Graecis
861 1514 1172 1576 appellatur.
1245 1515 1494 1563 Nonnulli
1549 1513 1667 1564 libri

607 1586 802 1636 habent
827 1587 927 1635 Hic
944 1587 1042 1647 ubi,
1061 1591 1141 1649 fise.
1181 1589 1358 1639 Lamb.
1426 1592 1510 1638 De
1534 1589 1667 1638 iride

607 1675 772 1723 pauca
817 1675 916 1709 vss.
969 1665 1020 1710 3.
1085 1676 1250 1726 neque
1297 1664 1471 1712 multis
1521 1679 1671 1726 opus,

607 1736 802 1799 quippe
846 1737 1036 1784 nubem
1085 1737 1306 1787 roridam
1345 1755 1412 1786 ex
1453 1739 1669 1787 adverso

609 1810 760 1858 sitam
781 1810 1042 1860 illustrant
1060 1813 1180 1860 solis
1201 1812 1349 1872 radii,
1371 1820 1527 1878 atque
1550 1813 1669 1862 inde

599 1887 719 1954 ¹iris.
743 1887 1000 1938 Quoniam
1021 1903 1144 1936 vero
1167 1889 1294 1938 nihil
1317 1890 1384 1939 de
1408 1889 1671 1938 coloribus

598 1970 706 2013 ‚alut
728 1961 893 2011 forma
916 1963 1058 2011 iridis
1085 1965 1377 2027 Lucretius,
1400 1963 1523 2029 quid
1558 1964 1671 2026 ipse

613 2038 894 2102 adjiciam?
931 2041 1124 2088 Creech.
1149 2087 1156 2096 ,

677 2120 774 2164 524
807 2118 1198 2180 Adversafulsit]
1236 2118 1370 2166 Nam
1391 2133 1594 2180 semper
1614 2117 1677 2166 fit

615 2204 680 2238 ex
705 2190 922 2240 adversa
943 2193 1038 2239 soli
1060 2201 1230 2255 parte.
1295 2191 1471 2258 Atque
1487 2207 1552 2240 ex
1577 2193 1675 2242 hoc

617 2269 858 2329 probant,
881 2266 1086 2328 iridem,
1111 2280 1202 2316 seu
1225 2281 1400 2318 arcum
1426 2270 1679 2332 pluvium,

612 2341 742 2404 ¹nihil
767 2356 880 2388 esse
905 2343 1064 2404 aliud,
1085 2358 1237 2406 quam
1259 2343 1537 2406 adspectus
1561 2359 1680 2392 nos-

621 2415 688 2462 tri
740 2413 1109 2462 refractionem
1165 2416 1230 2464 ad
1285 2419 1478 2465 solem:
1526 2432 1679 2480 quam

617 2489 796 2538 Graeci
817 2487 1074 2537 ἀνάκλασιν
1090 2491 1379 2552 appellant.
1441 2491 1609 2541 Ἔστιν
1628 2491 1684 2541 οὗ

615 2563 675 2611 τὸ
706 2565 793 2620 τῆς
834 2563 972 2626 ἴριδος
1015 2561 1159 2612 πάθος
1200 2565 1430 2626 τοιοῦτον,
1485 2567 1685 2632 (inquit

618 2639 931 2696 Plutarchus
986 2639 1076 2688 lib.
1135 2645 1192 2696 3,
1223 2639 1325 2704 περὶ
1362 2645 1458 2690 τῶν
1494 2642 1684 2708 &peu-m)

621 2717 694 2762 δεῖ
707 2714 799 2778 γὰρ
823 2715 1060 2773 ἐπινοῆσαι
1090 2715 1182 2774 τὴν
1219 2717 1364 2780 ὑγρὰν
1383 2717 1684 2778 ἀναθυμίασιν

621 2790 685 2840 εἷς
739 2791 876 2852 νέφος
913 2791 1326 2856 μεταβάλλουσαν,
1357 2791 1460 2842 εἶτα
1504 2795 1557 2843 ἐκ
1599 2796 1685 2843 τοῦ

621 2870 746 2920 κατὰ
765 2869 925 2932 βραχὺ
937 2870 999 2920 εἷς
1016 2872 1176 2934 μικρὰς
1191 2871 1374 2933 ῥανίδας
1387 2871 1683 2934 νοτίζουσαν.

620 2946 738 2995 ὅταν
758 3005 759 3008 ¹
777 2945 858 2994 οὖν
895 2947 921 2993 ὖ
955 2947 1086 3004 ἥλιος
1122 2945 1317 3008 ’γένηγαι
1374 2947 1438 2996 εἰς
1491 2947 1685 3008 δυσμὰς,

623 3020 806 3082 ἀνάγκη
848 3023 1006 3070 πᾶσαν
1041 3019 1130 3084 ἶριν
1161 3020 1370 3086 ἄντικρυς
1407 3021 1542 3080 ἡλίου
1581 3023 1687 3084 φαί-

623 3102 798 3158 νεσθαι,
834 3096 907 3144 ὅτι
923 3097 1069 3159 ἡὸψις
1106 3099 1441 3160 προσπεσοῦσα
1461 3099 1567 3147 ταῖς
1602 3099 1685 3160 ῥα-

625 3175 756 3238 νίσιν,
779 3176 1056 3236 ἀνακλᾶται,
1081 3175 1205 3223 ὥστε
1224 3174 1436 3235 ’γίνεσθαι
1456 3175 1546 3234 τὴν
1582 3173 1687 3239 ἶριν.

617 3253 660 3300 i.
685 3267 735 3302 e.
800 3255 816 3280 ‘
843 3254 934 3300 Est
967 3252 1128 3315 igitur
1168 3252 1256 3300 iris
1289 3249 1508 3301 affectus
1548 3253 1686 3302 talis.
1756 3291 1761 3298 ,

627 3329 861 3390 Oportet
913 3330 1049 3376 enim
1110 3328 1494 3377 exhalationem
1525 3327 1689 3375 humi-

613 3403 743 3456 dam
761 3402 1140 3464 cogitare‚·quae
1158 3401 1210 3449 in
1227 3401 1414 3450 nubem
1433 3407 1686 3451 :noteture

627 3477 819 3528 deinde
867 3478 1136 3541 paullatim
1181 3478 1236 3525 in
1281 3493 1464 3540 parvas
1511 3485 1687 3541 guttas

619 3553 901 3616 liquescat.
971 3553 1098 3601 Cum
1122 3551 1282 3616 igitur
1305 3554 1382 3602 sol
1417 3554 1468 3601 in
1504 3569 1691 3603 occasu

627 3625 805 3688 fuerit,
823 3641 1035 3674 necesse
1059 3633 1141 3678 est
1163 3641 1364 3677 omnem
1391 3642 1565 3676 areum
1592 3644 1691 3677 ‹⁸ae-

629 3703 814 3750 lestem
858 3716 888 3748 e
929 3703 1138 3762 regione
1183 3701 1307 3750 solis
1346 3701 1528 3764 videri,
1569 3703 1693 3765 quia

631 3793 748 3827 cum
779 3776 1056 3839 adspectus
1080 3785 1256 3826 noster
1288 3777 1339 3825 in
1363 3786 1538 3840 guttas
1575 3778 1691 3826 illas

631 3851 836 3913 incidit,
881 3849 1200 3916 refringitur,
1239 3853 1314 3901 ita
1354 3859 1413 3902 ut
1444 3852 1539 3902 fiat
1568 3853 1695 3903 iris?

633 3929 723 3979 De
771 3928 902 3977 iride
948 3927 1199 3989 legendus
1238 3929 1557 3978 Aristoteles
1602 3930 1693 3980 lib.

631 4021 826 4066 μετεωρ.
843 4020 894 4063 γ.
917 4008 976 4052 ut
999 4011 1055 4052 et
1071 4002 1137 4051 de
1161 4004 1269 4052 aliis
1284 4003 1516 4053 omnibns
1537 4003 1691 4054 rebus

632 4080 854 4140 eriperis,
879 4094 972 4127 suo
991 4093 1310 4142 unaquaeque
1327 4079 1462 4128 loco·
1494 4079 1659 4129 Lamb.

637 4186 642 4190 ·
701 4157 795 4200 525
837 4153 952 4201 Tam
993 4156 1116 4202 color
1158 4153 1230 4216 in]
1277 4155 1434 4203 Hunc
1489 4169 1691 4203 versum

636 4225 837 4291 profert
856 4228 1054 4277 Nonius
1073 4229 1124 4277 in
1149 4241 1277 4278 voce
1295 4229 1691 4294 arcus,legitque

1277 397 1502 448 ⁸0¹1·AE
1557 391 1962 448 vammum
2015 396 2091 446 IN

1732 539 1967 590 hocloco
2010 539 2169 602 arqui,
2199 551 2302 588 non
2335 535 2794 604 arefi‘doeens'ar-

1734 629 1891 676 quum
1936 613 2041 662 dici
2088 613 2221 672 irim,
2274 626 2449 660 arcum
2488 615 2801 673 suspensum

1734 687 2009 739 fornicem.
2078 688 2380 736 Priscianus
2426 699 2550 737 vero
2594 687 2683 736 lib.
2745 689 2803 735 θ.

1735 763 1923 826 probat
1944 777 2011 812 ex
2035 761 2291 811 Cicerone
2315 761 2401 810 lib.
2447 765 2495 810 3.
2514 761 2584 810 de
2608 760 2682 809 N.
2724 761 2805 808 De

1728 839 1744 868 ‘
1772 853 1946 886 arcum
1974 836 2099 886 arci'
2137 836 2188 884 in
2214 837 2443 886 seon'nda
2476 849 2685 900 quoque
2706 835 2801 883 de-

1734 913 2015 962 clinatione
2037 913 2279 976 usurpari
2302 926 2397 975 pro
2430 926 2554 962 areu
2580 911 2802 960 caelesti.

1734 988 1822 1037 Sic
1845 987 1958 1036 Cic.
1996 991 2011 1016 ‘
2031 988 2139 1036 Cur
2160 994 2330 1036 autem
2347 986 2454 1034 arci
2468 987 2674 1048 speeies
2699 999 2803 1034 nou

1736 1065 1789 1113 in
1813 1078 2027 1112 numero
2054 1064 2279 1112 Deorum
2318 1061 2633 1126 reponatur?
2698 1063 2805 1110 Ex-

1736 1140 1931 1188 sistunt
1978 1153 2151 1202 porro,
2216 1147 2307 1188 aut
2354 1145 2499 1188 certe
2541 1145 2807 1200 apparent

1741 1223 1848 1264 tres
1871 1215 2072 1270 colores
2094 1214 2144 1262 in
2183 1213 2333 1274 iride,
2372 1213 2647 1276 puniceus,
2686 1211 2803 1259 viri-

1740 1291 1839 1353 dis,
1883 1289 2209 1354 purpureus!
2244 1289 2409 1338 Lomb.
2498 1289 2605 1336 Seu
2643 1302 2805 1348 arcus,

1736 1380 1835 1420 seu
1852 1368 1974 1427 arci,
1989 1380 2077 1413 seu
2089 1366 2233 1427 arqui
2246 1365 2465 1428 legatur,
2478 1364 2550 1412 nil
2566 1364 2806 1413 interest.

1745 1441 1917 1491 Faber.
1980 1441 2104 1504 Ipse
2128 1441 2354 1489 coelestis
2378 1454 2545 1500 arcus,
2588 1445 2649 1488 ut
2682 1438 2806 1486 alibi

1746 1519 1761 1546 ‘
1783 1519 2021 1567 Flamma·
2080 1517 2313 1580 colorcs‚’
2370 1518 2617 1567 Flamma.
2684 1517 2807 1565 Sive

1744 1609 1899 1658 ανουε,
1942 1593 2051 1642 sive
2100 1595 2218 1655 orci,
2257 1594 2365 1642 sive
2404 1595 2543 1655 arqui
2580 1593 2810 1656 legatur,

1740 1669 1871 1724 ‚nihil
1928 1669 2169 1718 interest.
2223 1669 2415 1718 creet-h.
2480 1669 2567 1716 Ita
2624 1665 2811 1732 (arqui)

1750 1745 1973 1794 Nonius.
2042 1745 2198 1808 Vutg.
2230 1745 2347 1792 arci.
2382 1743 2560 1794 Gifan.

1812 1824 1909 1872 626
1947 1821 2151 1878 Cetera,
2200 1835 2305 1881 quae
2352 1834 2539 1868 sursum
2574 1821 2811 1876 crescunt,

1746 1894 1855 1957 qa]
1878 1896 1995 1944 Vss.
2016 1900 2067 1945 8.
2092 1895 2157 1944 de
2180 1895 2319 1954 nive,
2340 1903 2517 1954 vento,
2541 1893 2809 1956 grandine,

1751 1970 1956 2032 pruina,
1982 1970 2169 2032 glacie,
2211 1969 2336 2017 nihil
2362 1969 2591 2032 speciale
2620 1969 2811 2017 Lucre·

1742 2045 1873 2096 tius.
1925 2045 2028 2095 Qui
2050 2060 2171 2093 vero
2191 2060 2271 2093 res
2296 2046 2385 2096 lias
2404 2045 2815 2108 contempletur,

1754 2121 1843 2184 qul
1872 2120 2058 2182 nubes,
2077 2128 2131 2169 et
2157 2120 2347 2169 imbres
2372 2120 2691 2180 consideret,
2724 2119 2814 2182 qni

1742 2195 1977 2260 ,denique
2020 2193 2191 2244 varias
2214 2195 2582 2258 principiorum
2609 2193 2818 2255 formas,

1752 2271 1959 2334 figuras,
2004 2279 2273 2336 motusque
2320 2273 2369 2320 in
2410 2272 2580 2320 animo
2604 2271 2813 2331 habeat,

1755 2348 1842 2394 ille
1868 2348 2069 2410 reliqua
2090 2362 2204 2411 quae
2228 2361 2327 2395 non
2338 2348 2676 2410 'explicantur
2710 2361 2813 2395 me-

1755 2417 1904 2471 teora
1968 2423 2237 2472 commode
2306 2424 2569 2487 explicare
2639 2425 2817 2486 possit.

1762 2499 1957 2548 Creeclt.

1820 2579 1917 2622 528
1953 2573 2085 2636 Nix]
2120 2575 2227 2624 Nix
2242 2574 2321 2636 fit,
2344 2590 2459 2625 cum
2479 2575 2649 2624 tenuis
2667 2590 2817 2638 aqua,

1756 2662 1787 2696 e
1809 2648 2027 2698 nubibus
2052 2649 2187 2712 fusa,
2208 2651 2396 2698 sensim
2422 2651 2671 2700 decidens
2696 2665 2815 2700 con-

1757 2725 1949 2772 crescit
1970 2739 2072 2774 non
2096 2726 2248 2787 longe
2284 2741 2314 2774 a
2339 2733 2498 2786 terra,
2532 2727 2625 2774 sed
2666 2727 2817 2790 longe

1757 2814 1786 2851 a
1810 2799 2052 2862 nubibus,
2074 2815 2105 2848 e
2123 2801 2308 2863 quibus
2329 2798 2491 2850 effusa
2506 2811 2608 2863 est,
2644 2801 2717 2850 ita
2742 2809 2817 2860 ut,

1758 2883 1973 2939 psopter
1994 2891 2233 2938 magnum
2272 2877 2621 2937 intervallum,
2654 2884 2817 2938 guttae

1761 2951 2130 3000 rotunditatem
2176 2967 2319 3000 stiam
2358 2965 2673 3000 conservare
2718 2967 2817 3000 non

1761 3029 2066 3092 potuerint,¹
2092 3027 2181 3076 sed
2207 3027 2471 3080 distractae
2489 3027 2622 3094 jam,
2646 3043 2707 3076 ac
2744 3028 2818 3075 di·

1762 3102 1939 3164 vulsae,
1976 3102 2041 3149 ad
2062 3103 2248 3163 locum,
2285 3102 2372 3151 ubi
2393 3101 2584 3164 frigore
2607 3113 2816 3152 concre-

1763 3185 1967 3238 verunt,
1990 3179 2342 3240 pervenerint.
2374 3177 2541 3226 Lomb.
2760 3219 2766 3227 .

1837 3253 2059 3315 Grundv]
2095 3253 2317 3302 Grando‘
2342 3253 2419 3314 fit,
2444 3269 2563 3301 cum
2588 3260 2821 3316 guttae‚·e

1763 3328 1987 3378 nubibus
2010 3327 2305 3390 effluentes,
2339 3330 2517 3378 statim
2544 3339 2601 3376 ut
2626 3343 2693 3378 ex
2728 3330 2823 3378 illis

1762 3403 2093 3464 exstiterunt,
2108 3401 2299 3466 frigore
2316 3411 2689 3452 concrescunt:
2707 3411 2823 3466 gut-

1762 3485 1831 3526 tae
1869 3485 2043 3528 autem
2082 3491 2258 3526 omnes
2298 3478 2536 3533 rotundae
2574 3485 2699 3527 sunt
2736 3491 2824 3526 na·-

1765 3559 1899 3613 tura,
1932 3552 2068 3616 quod
2091 3568 2271 3602 sensus
2304 3553 2477 3612 docet,
2514 3567 2577 3602 ac
2600 3553 2825 3616 judicat.

1766 3628 1849 3676 Ita
1873 3628 1951 3690 fit,
1974 3635 2031 3678 ut
2050 3636 2213 3691 guttae
2235 3629 2357 3688 illae,
2390 3644 2503 3692 quae
2530 3637 2720 3678 natura
2744 3643 2824 3677 ro·

1769 3703 1945 3751 tundae
1999 3712 2143 3764 sunt,
2192 3712 2311 3752 ante
2366 3719 2517 3766 quam
2559 3703 2761 3766 longius
2794 3717 2825 3751 a

1767 3779 1982 3828 nubibus
2002 3778 2270 3839 recedunt,
2286 3777 2647 3842 frigore‚quod
2666 3777 2738 3827 ibi
2750 3787 2828 3827 est

1766 3844 2069 3904 acerrimum
2104 3855 2569 3904 etintentissimum
2610 3863 2827 3917 propter

1768 3929 2175 3991 antiperistasin,
2188 3935 2470 3989 concretae,
2480 3927 2607 3976 fiant
2620 3929 2674 3977 id
2689 3927 2823 3993 quod

1765 4003 2023 4068 dicuntur,
2047 4019 2112 4054 ex
2134 4020 2263 4068 aqna
2290 4005 2588 4068 grandines.
2620 4005 2701 4052 Ex
2724 4018 2825 4068 quo

1764 4079 1909 4127 nives
1946 4079 2078 4136 fiunt
2109 4081 2276 4128 hieme
2302 4081 2558 4130 maximee
2594 4086 2649 4128 at
2673 4093 2826 4142 gran-

1772 4155 1917 4203 dines
1961 4170 2083 4204 vere
2122 4165 2279 4218 atque
2312 4163 2612 4204 auctumno.
2658 4155 2823 4204 Lumb-

1837 4229 2112 4293 Gelidoeque
2144 4229 2355 4292 pruina]
2389 4229 2589 4278 Pruiua
2621 4244 2707 4278 ros
2743 4238 2823 4278 est
