3200 4959
1006 445 1393 495 aecensus
1438 446 1897 497 samonum.
2367 435 2536 506 1731

329 598 615 667 apparet3
660 590 1012 671 videturque
1064 592 1367 653 referenda
1414 594 1488 654 ad
1540 614 1756 655 annum
1817 604 1992 667 1473.
2043 613 2164 674 quo
2234 598 2536 659 Ferandus

330 686 547 745 Brixiae
575 688 815 748 Statuta
844 688 1097 747 civitatis
1126 689 1279 749 illius
1300 691 1616 767 impressit.

418 781 576 841 1486
616 782 877 843 Lucretii
930 782 1151 861 Opera.
1206 785 1273 843 In
1334 786 1531 846 fronte
1590 786 1712 845 folii
1789 788 2074 848 secundi:
2131 796 2149 823 ‘
2178 790 2254 850 Τ.
2303 791 2540 852 Lucreti

329 875 467 934 Cari
495 878 693 954 poeitae
720 878 1114 956 philosophici
1141 880 1527 957 antiquissimi
1554 881 1632 940 de
1673 902 1864 943 rerum
1891 894 2100 944 natura
2125 884 2273 944 liber
2309 887 2536 965 primus

328 972 541 1048 incipit
568 972 878 1033 foeliciter.'
916 974 987 1033 In
1015 974 1133 1033 fine
1162 976 1297 1035 libri
1333 977 1521 1037 sextis
1555 978 1667 1037 ‘'1'.
1711 979 1950 1040 Lucreti
1991 982 2126 1040 Cari
2167 984 2362 1058 poetae
2405 983 2536 1061 pbi-

328 1069 685 1149 losophique
728 1071 1115 1149 antiquissimi
1153 1072 1229 1133 de
1272 1093 1465 1133 rerum
1510 1075 1830 1152 primordia
1863 1085 2069 1137 natura
2096 1078 2170 1137 ad
2201 1079 2538 1141 memmium

330 1165 513 1225 Liber
558 1175 755 1227 sextus
805 1177 866 1227 et
906 1168 1143 1228 ultimus
1198 1170 1447 1247 explicit
1505 1170 1813 1233 foeliciter!
1853 1173 2008 1233 Tum
2064 1184 2203 1253 post
2257 1176 2534 1253 exiguum

330 1262 623 1339 spatium:

497 1413 515 1438 ‘
540 1406 758 1465 Paulus
787 1406 944 1467 hunc
976 1406 1271 1485 impressit
1288 1410 1688 1488 fridenberger
1713 1412 1771 1469 in
1800 1431 2032 1484 verona,

496 1502 615 1570 Qui
643 1502 872 1579 genitus
896 1512 986 1561 est
1012 1502 1069 1561 in
1096 1504 1334 1563 Patavia
1364 1505 1666 1585 [Passavii]
1695 1508 1802 1566 alae
1833 1527 2056 1585 magnae
2079 1508 2490 1589 [Alemanniae]

492 1596 597 1655 Ab
627 1596 1029 1655 incarnatione
1056 1598 1294 1658 christi:
1333 1616 1559 1660 mcccc
1572 1618 1866 1686 nxxxvn

492 1692 609 1751 Die
634 1693 915 1771 vigesimo
943 1702 1159 1754 octavo
1185 1695 1536 1773 septembris
1570 1696 1754 1755 calen.
1786 1697 2092 1758 octobris!

330 1838 647 1899 Accedunt
670 1858 871 1899 versus
913 1840 1207 1919 anonymi,
1252 1842 1469 1919 quibus
1510 1842 1721 1920 partim
1763 1843 2122 1917 Lucretium,
2161 1844 2376 1923 partim
2419 1848 2534 1907 lec-

330 1944 516 1993 torem
556 1935 898 2014 alloquitur.
950 1936 1075 1996 Fol.
1121 1936 1297 1998 Char.
1344 1941 1477 1999 Lat.
1522 1939 1644 1997 sine
1685 1939 1918 1998 custod.
1963 1948 2024 1999 et
2060 1956 2234 2018 pagg.
2285 1960 2533 2001 num.—

333 2032 557 2091 Panzer
582 2032 761 2093 Tom.
790 2048 899 2093 ιιι.
930 2052 1065 2111 pag.
1096 2042 1232 2095 505.
1313 2036 1469 2095 Usus
1516 2043 1608 2094 est
1647 2052 1716 2093 ea
1758 2034 2178 2108 Wakefieldus,
2220 2037 2324 2113 qui
2371 2042 2532 2100 omni

332 2146 541 2204 genere
570 2128 1032 2206 corruptelarum
1063 2130 1520 2202 refertissimam,
1550 2131 1816 2209 apprime
1843 2141 2036 2189 tamen
2067 2132 2266 2191 utilem
2299 2131 2466 2191 dicit.

420 2232 565 2294 149¹
617 2224 879 2284 Lucretii
950 2227 1171 2304 Opera,
1238 2246 1374 2287 cum
1446 2236 1758 2287 comment.
1820 2226 2140 2288 Omniboni
2193 2229 2530 2287 Leoniceni.

332 2318 671 2389 Mediolani,
701 2339 810 2398 per
838 2320 1098 2381 Ulderic.
1138 2323 1560 2383 Scinzenzeler.
1605 2324 2076 2383 Fon—Maium.
2105 2324 2239 2383 Ind.
2281 2340 2359 2384 11.
2393 2343 2532 2403 pag.

333 2420 437 2473 35.
464 2414 693 2473 Panzer
716 2415 893 2475 Tom.
926 2432 1004 2475 11.
1032 2435 1168 2495 pag.
1198 2417 1298 2479 65.
1723 2449 1728 2453 ·

422 2516 573 2577 1495
618 2510 920 2570 Lucretius
944 2511 1021 2574 de
1048 2533 1243 2573 rerum
1270 2524 1500 2575 natura.
1545 2517 1615 2573 In
1648 2514 1802 2575 fine-2
1836 2523 1854 2549 ‘
1877 2518 2228 2595 Impressum
2267 2516 2528 2577 Venetiis

332 2624 443 2682 per
469 2606 853 2665 Theodorum
882 2607 959 2666 de
986 2608 1397 2686 Ragazonibus
1426 2611 1499 2669 de
1523 2612 1702 2669 Asula
1722 2611 1950 2671 dictum
1981 2614 2322 2671 Bresanum.
2348 2611 2532 2672 Anno

334 2700 553 2759 domini
575 2719 651 2761 M.
682 2719 870 2763 cccc.
905 2719 1216 2765 mcxxxv.
1248 2706 1347 2765 die
1378 2722 1519 2766 1111.
1550 2707 1942 2783 septembris.’
1968 2708 2334 2766 4.--Panzer
2351 2708 2530 2765 Tom.

336 2811 449 2855 ΠΙ.
478 2817 614 2875 pag.
648 2805 788 2867 375.
856 2799 1129 2878 Sequitur
1156 2802 1548 2861 veronensem
1570 2821 1665 2862 an.
1700 2800 1874 2863 1486.

421 2898 577 2953 1500
618 2894 837 2955 Aldina
895 2910 941 2955 1.
1013 2895 1141 2954 Titi
1181 2897 1436 2957 Lucretii
1478 2898 1620 2958 Cari
1659 2897 1793 2956 libri
1833 2918 1934 2957 sex
1986 2917 2178 2977 nuper
2216 2897 2531 2957 emendati.

335 2988 729 3049 Praemittitur'
757 2991 897 3063 Aldi
943 2992 1197 3051 Manutii
1227 2991 1471 3070 epistola
1512 2992 1591 3051 ad
1638 2993 1944 3052 Albertum
1993 2994 2155 3052 Pium
2203 2994 2530 3070 Carporum

335 3083 686 3161 Principem.
730 3088 899 3145 Hanc
922 3086 1137 3165 excipit
1158 3087 1401 3147 Hieron.
1442 3087 1686 3146 Avancii
1712 3088 1791 3147 ad
1821 3088 2112 3147 Valerium
2141 3089 2530 3166 Supercbium

334 3178 761 3253 Pisaurensem,
814 3182 1118 3241 medicinae
1156 3183 1478 3241 Doctorem
1520 3191 1583 3240 et
1627 3183 2064 3242 mathematices
2105 3182 2526 3251 Professorem,

334 3279 609 3358 epistola,
641 3278 858 3357 scripta
887 3279 1022 3337 Kal.
1052 3278 1281 3338 Martiis
1311 3294 1472 3335 Mu).
1517 3278 1797 3354 Sequitur
1823 3278 2062 3337 Hieron.
2091 3278 2341 3338 Avancii
2378 3297 2530 3354 prae-

300 3366 305 3373 ’
334 3376 482 3435 satio
508 3375 586 3433 ad
613 3376 931 3441 lectoremz
966 3383 1027 3434 et
1054 3374 1209 3434 hauc
1242 3374 1461 3453 exeipit
1485 3373 1778 3453 expositio
1804 3392 2003 3432 eorum
2032 3392 2165 3452 quae
2201 3372 2435 3448 singulis
2463 3374 2533 3431 li-

336 3472 459 3529 bris
479 3470 871 3530 eontinentur.
913 3470 981 3529 In
1011 3469 1164 3530 fine:
1196 3478 1211 3504 ⁴
1238 3470 1580 3548 Hieronymi
1621 3470 1867 3529 Avancii
1912 3468 2258 3545 Veronensis
2305 3468 2532 3545 ingenio

338 3576 401 3625 et
416 3566 635 3625 labore.
708 3565 965 3625 Venetiis
986 3566 1325 3625 accuratiss.
1404 3565 1583 3643 Apud
1629 3565 1870 3637 Aldum,
1903 3584 2098 3624 mense
2127 3566 2371 3623 Decem.
2400 3578 2532 3623 Mo.

336 3663 476 3722 Non
506 3661 649 3720 licet
672 3662 751 3720 sic
778 3663 949 3721 alteri
974 3660 1251 3739 cuiquam
1280 3661 1407 3719 sine
1436 3661 1761 3731 mulcta,.in
1801 3661 1940 3720 Oris
1974 3659 2244 3720 Venetis.'
2272 3660 2534 3720 4.--Re-

338 3756 561 3817 nouard
594 3756 847 3815 Annales
876 3757 951 3816 de
979 3758 1365 3837 l'imprimerie
1394 3756 1499 3816 des
1530 3756 1684 3817 Alde
1702 3759 1879 3819 Tom.
1907 3773 1955 3816 1.
1985 3775 2119 3835 pag.
2155 3765 2253 3817 32.
2309 3756 2532 3813 Panzer

338 3854 512 3912 Tom.
540 3867 655 3911 111.
682 3870 819 3929 pag.
847 3862 988 3921 477.
1031 3852 1128 3911 Ab
1156 3852 1421 3913 Avaucio
1466 3852 1654 3911 bonos
1701 3860 1974 3911 auctores
2017 3852 2174 3910 malo
2220 3849 2532 3925 mangonio

340 3948 725 4025 interpolatos
750 3968 899 4019 esse,
929 3950 1195 4026 queritur
1222 3949 1484 4009 Broukh.
1514 3949 1590 4007 ad
1617 3949 1886 4025 Propert.
1930 3963 2008 4006 ιι.
2056 3955 2116 4013 7.
2144 3944 2245 4013 76.
2289 3947 2426 4022 Ipse
2456 3944 2532 4001 de

340 4045 454 4102 hac
484 4064 593 4103 sua
616 4044 869 4104 editione
897 4044 1233 4121 profitetur,·
1260 4065 1327 4104 se
1363 4046 1583 4104 nullum
1615 4045 1911 4121 exemplar
1937 4042 2242 4120 antiquum
2283 4039 2532 4100 adbibu-

338 4140 458 4203 isse
486 4140 947 4218 manuscriptum
966 4161 983 4210 ς
1015 4141 1117 4199 sed
1154 4141 1610 4203 conformavisse
1653 4149 1874 4201 textum
1917 4159 1989 4198 ex
2034 4136 2387 4204 Veronensiz
2427 4153 2533 4216 pa·
