3200 4959
664 438 841 505 1652

664 601 813 647 ercet
847 608 1066 658 corpora
1094 608 1273 657 venas,
1314 594 1385 647 Et
1420 611 1726 662 quacunque

665 674 769 723 iter
800 679 898 733 est,
919 679 1183 736 properat,
1206 673 1493 739 transitque
1527 687 1728 723 moran·

667 756 795 810 tem,
818 749 999 797 Donec
1038 746 1295 799 confluvio
1330 750 1564 799 resolutis
1596 750 1729 799 aesti·

668 825 785 886 bus,
804 824 966 875 omnis
990 824 1196 886 Exsilit,
1222 832 1377 889 atque
1409 823 1583 874 furens
1618 831 1731 874 tota

669 900 833 951 vomit
868 900 1050 961 igneus
1091 899 1276 949 IEtna.'
1345 898 1407 948 In
1430 899 1619 963 quibus
1654 900 1729 948 ul-

668 975 810 1025 timis
838 975 972 1024 idem
1011 974 1278 1039 epitheton
1297 975 1314 1002 ⁴
1332 974 1507 1024 furens
1523 974 1537 995 ²
1562 975 1730 1024 notari

668 1050 852 1112 debet,
877 1051 1013 1115 quod
1054 1050 1189 1113 apud
1232 1052 1435 1102 Luci-ct.
1474 1050 1630 1104 modo
1655 1065 1730 1100 vs.

669 1131 787 1179 687.
807 1128 1019 1191 legitur,
1042 1142 1107 1177 ne
1134 1128 1247 1192 quis
1273 1128 1518 1179 sollicitet
1534 1136 1731 1177 temere

672 1204 800 1256 Μαι.
832 1202 1132 1266 lectionem,
1160 1209 1317 1253 terens
1353 1203 1545 1253 ibidem
1582 1218 1734 1266 repo-

668 1279 864 1340 nendo,
886 1286 945 1329 ut
968 1280 1035 1329 V.
1056 1281 1128 1329 D.
1151 1278 1279 1329 facit
1304 1277 1369 1329 ad
1392 1277 1572 1329 Seve‘ri
1594 1279 1733 1342 ejus-

664 1354 792 1403 dem
817 1369 891 1404 vs.
927 1358 1043 1403 662.
1074 1353 1160 1403 ubi
1194 1355 1337 1418 legas
1362 1354 1379 1381 ‘
1398 1354 1531 1403 Haec
1563 1354 1736 1417 operis

672 1442 871 1479 summa
899 1436 1011 1491 est;
1044 1432 1118 1479 sic
1152 1429 1337 1479 nobilis
1376 1432 1542 1487 uritur
1565 1430 1734 1478 AEtna.

672 1505 844 1555 Terra
866 1504 1201 1555 foraminibus
1225 1504 1359 1555 vires
1382 1504 1561 1565 trabit,
1580 1511 1736 1569 urget

670 1581 725 1631 in
760 1591 982 1643 arctum,
1002 1582 1226 1645 Spiritus
1259 1580 1466 1631 incendi
1489 1581 1619 1630 vivit
1643 1594 1737 1644 per

672 1658 899 1714 maxima
942 1659 1100 1708 saxa?
1163 1659 1266 1723 Sed
1306 1664 1364 1707 et
1400 1663 1563 1707 totum
1609 1656 1734 1707 illud

674 1746 887 1782 carmen
926 1747 1043 1782 cum
1082 1731 1410 1782 Lucretianis
1441 1732 1582 1781 hisce
1613 1745 1735 1782 con·

670 1807 799 1859 ferri
822 1816 1071 1859 meretur.
1138 1808 1271 1858 Han.

738 1886 834 1933 691
871 1882 1085 1947 Differt]
1142 1884 1204 1931 In
1249 1882 1481 1931 diversas
1535 1883 1734 1947 parteis

673 1956 799 2009 fert.
866 1958 1035 2008 Lamb.

738 2037 836 2085 693
869 2033 1089 2096 Animi]
1130 2034 1327 2096 Flatus,
1363 2033 1591 2098 spiritus,
1618 2048 1736 2083 ven-

674 2110 736 2174 ti,
771 2109 1049 2171 πνούματοε.
1100 2109 1267 2161 Lamb.
1329 2110 1505 2159 Venti.
1559 2108 1732 2159 Alibi:

674 2191 968 2242 Horatius:
1004 2194 1019 2218 ‘
1041 2190 1326 2253 Impellunt
1356 2190 1539 2239 animae
1578 2188 1736 2239 lintea

674 2266 944 2317 Thraciae?
1016 2266 1209 2315 (Συ-θεώ.
1504 2306 1513 2314 ,

740 2347 836 2393 694
872 2344 1132 2403 Frater-en,
1171 2341 1367 2404 magna]
1441 2338 1559 2390 Alia
1602 2342 1737 2392 ratio

656 2418 856 2472 ‘horum
878 2417 1089 2480 ignium.
1150 2417 1319 2465 Lumb.

740 2493 907 2554 Parti]
941 2494 1125 2553 Parte,
1147 2498 1205 2540 ut
1225 2505 1363 2554 saepe
1388 2491 1533 2540 alias.
1566 2492 1735 2543 Lamb-

678 2567 901 2621 Quidam
918 2568 1071 2617 libri:
1104 2573 1258 2634 parte.
1323 2566 1502 2617 Gifan.

740 2649 839 2695 696
875 2646 957 2693 Ex
1000 2646 1085 2693 Ιιοι·
1126 2658 1267 2707 usque
1309 2643 1460 2706 mure]
1496 2642 1583 2693 lta
1625 2642 1736 2695 fere

675 2711 787 2771 vet:
816 2720 954 2770 libri.
978 2720 1133 2783 Vulg.
1158 2720 1296 2769 mari.
1328 2720 1455 2783 Snp.
1479 2723 1525 2769 1.
1548 2723 1658 2769 390.
1681 2727 1737 2771 et

674 2795 769 2847 inf.
790 2810 868 2848 vs.
892 2800 1005 2847 ⁷12.
1073 2796 1223 2847 Idem·

738 2876 838 2923 697
873 2870 1007 2933 Huc]
1042 2872 1144 2922 Per
1162 2871 1253 2919 has
1273 2870 1545 2932 speluncas
1568 2870 1736 2937 faten-

672 2948 795 2999 dum
819 2952 900 2997 est
915 2962 1055 2997 mare
1079 2953 1372 3009 penetrare.
1436 2946 1605 2996 lamb.

740 3026 838 3072 698
870 3024 937 3071 Ee
958 3026 1202 3085 penetrare
1219 3022 1361 3083 nuri,
1382 3020 1489 3083 εγω]
1516 3022 1736 3073 Secutus

676 3099 798 3149 olim
833 3099 1114 3149 lectionem
1161 3097 1444 3160 vulgatam,
1488 3098 1556 3147 Et
1596 3112 1736 3161 peuc-

672 3181 805 3227 trare
832 3191 980 3240 mare,
998 3182 1047 3225 ct
1080 3176 1271 3239 penitas
1300 3191 1349 3225 se
1381 3175 1539 3237 cogier
1575 3181 1738 3225 arcto.-

675 3252 743 3302 ad
772 3266 885 3304 eam
917 3253 1030 3303 baec
1063 3256 1380 3312 annotatam,
1415 3265 1632 3315 eamque
1661 3251 1737 3301 sic

673 3328 1027 3378 declarat-ame
1060 3334 1117 3377 et
1154 3326 1423 3377 fatendum
1460 3332 1561 3388 est,
1595 3340 1736 3379 mare

672 3402 794 3462 hac,
814 3415 1001 3465 nempe
1027 3415 1119 3463 per
1140 3394 1232 3449 bas
1264 3402 1559 3463 speluncas,
1580 3414 1737 3464 pene-

675 3482 819 3526 trare
853 3483 911 3524 et
934 3474 1144 3539 penitus
1167 3474 1219 3523 in
1253 3480 1529 3537 angustum
1563 3474 1682 3538 cogi
1704 3490 1737 3525 a

674 3553 849 3615 seipso
872 3557 1153 3600 coarctato.
1184 3550 1276 3599 sed
1312 3564 1413 3598 nou
1448 3550 1738 3602 dissimula·

675 3627 763 3686 bo,
786 3628 837 3676 in
855 3628 1052 3690 aliquot
1065 3625 1182 3674 libr.
1200 3637 1458 3675 manuscr.
1476 3626 1551 3675 ita
1572 3629 1736 3691 scrip·

674 3708 785 3754 tum
825 3714 960 3761 esse,
1000 3700 1069 3748 Et
1096 3704 1347 3761 penetrare
1386 3701 1509 3751 muri
1544 3704 1736 3764 penitus

672 3791 751 3825 rea
792 3777 919 3839 cogit
960 3781 1139 3838 aperto.
1174 3773 1480 3838 quibuscum
1522 3791 1736 3827 consen·

675 3852 815 3902 liunt
857 3849 977 3901 cod.
1026 3848 1387 3909 Parisiense83
1441 3858 1497 3899 et
1541 3851 1735 3901 Veneti

672 3927 834 3992 antiq.
902 3926 1054 3975 Hanc
1100 3924 1257 3987 igitur
1300 3925 1612 3989 scripturam
1645 3942 1735 3977 an-

670 4002 891 4066 tiquam,
914 4014 1069 4065 quam
1094 3999 1217 4049 olim
1255 3999 1436 4049 lectori
1466 4004 1735 4066 proposui,

672 4086 729 4127 et
750 4078 991 4140 indicavi,
1012 4090 1148 4125 nunc
1173 4076 1225 4125 in
1258 4082 1559 4128 contextum
1582 4080 1734 4129 resti·

664 4159 783 4203 suo.
846 4154 1035 4203 Dicam
1058 4161 1251 4215 tamen,
1272 4152 1410 4214 quod
1434 4156 1625 4216 sentio,
1647 4168 1735 4204 ne-

674 4241 775 4293 que
796 4227 877 4277 hic
890 4242 1091 4289 versus,
1106 4240 1272 4291 neque
1294 4226 1356 4291 is,
1368 4228 1458 4292 qui
1474 4232 1737 4295 reperitur

674 4305 730 4355 in
764 4303 907 4374 libris
934 4304 1068 4367 vulg.
1103 4304 1368 4355 lucernam
1408 4305 1516 4356 olet
1542 4306 1736 4357 Lucre-

1532 4430 1563 4444 Δ

1368 455 1585 505 No'rAE
1631 454 2034 505 vammum
2085 456 2166 503 IN

1803 596 1994 647 tianam
2015 604 2120 648 ret
2143 612 2205 647 eo
2227 598 2482 655 detracto,
2505 598 2629 647 nibil
2661 596 2730 647 de
2749 609 2858 646 sen-

1803 677 1970 725 tentia
1990 676 2233 726 decedet.
2298 676 2465 726 Lumb.
2511 676 2596 726 Ita
2617 675 2734 725 fere
2755 690 2859 725 om-

1803 766 1896 801 nes
1935 752 2051 801 libri
2092 761 2195 802 vet.
2239 766 2392 801 manu
2445 752 2730 815 formisque
2781 751 2863 799 de·

1803 828 2005 891 scripti.
2071 828 2328 878 Marullus
2353 836 2546 891 tamen,
2561 844 2694 878 mare
2717 834 2765 878 et
2785 844 2860 890 pe-

1803 904 1932 952 nitas
1962 918 2014 951 se
2050 903 2209 965 cog-ier
2245 909 2367 953 arto.
2450 904 2519 953 Et
2557 904 2635 953 ita
2665 903 2864 966 vulgati

1786 980 1912 1031 ,fere
1937 994 1999 1030 ac
2025 980 2315 1029 Lambinus.
2369 980 2501 1029 Mihi
2524 981 2732 1029 minime
2757 980 2862 1042 pls·

1803 1060 1910 1105 cet.
1978 1056 2100 1118 Agit
2122 1056 2187 1105 de
2212 1065 2368 1105 vento
2391 1055 2560 1118 poeta.
2629 1055 2741 1113 Gis.
2779 1055 2863 1104 Al.

1805 1133 1875 1181 Et
1907 1136 2158 1195 penetrare
2193 1146 2339 1193 mre,
2360 1138 2407 1181 et
2428 1132 2617 1193 penitas
2635 1144 2684 1181 se
2706 1131 2867 1192 cog-ier

1803 1213 1954 1257 arcto.
2018 1210 2253 1273 Utraque
2292 1208 2448 1256 lectio
2482 1206 2738 1257 Lambino
2766 1206 2866 1255 dis-

1805 1284 1994 1348 plicet3
2031 1298 2197 1349 neque
2223 1283 2272 1332 id
2293 1283 2511 1345 injuriat
2547 1282 2716 1331 ambae
2731 1282 2865 1336 enim

1805 1368 2066 1424 corruptae
2111 1368 2265 1410 suntt
2301 1360 2576 1423 legendum
2623 1358 2869 1419 putarim,

1807 1437 1878 1485 Ee
1911 1441 2160 1500 penetrare
2179 1434 2383 1485 unimam
2402 1434 2591 1497 penitus
2609 1447 2696 1483 res
2703 1446 2868 1493 vogen

1805 1517 1984 1575 aperto.
2049 1511 2305 1563 ‘Anima'
2350 1517 2535 1557 ventus
2573 1515 2689 1567 est3
2727 1522 2867 1569 saepe

1809 1587 1949 1651 apud
1965 1588 2268 1638 Lucretium
2287 1603 2304 1649 ς
2338 1585 2491 1635 modo
2505 1585 2740 1649 legebas,
2753 1588 2770 1613 ‘
2785 1584 2866 1633 Ne

1807 1660 2035 1726 dubites,
2059 1662 2181 1726 quin
2205 1664 2315 1713 lmc
2336 1661 2523 1711 animai
2555 1661 2765 1710 turbida
2801 1661 2867 1709 sit

1808 1736 1919 1796 vis:
1947 1738 1982 1787 i.
2006 1752 2054 1787 e.
2080 1738 2155 1785 vis
2181 1737 2340 1786 venti.
2401 1736 2594 1787 Sensus
2619 1736 2796 1799 itaque
2815 1741 2870 1785 et

1808 1811 1938 1861 ordo
1973 1812 2244 1861 verborum
2285 1811 2361 1859 sic
2385 1826 2440 1859 se
2477 1825 2534 1859 se
2566 1810 2869 1861 habebunt:

1811 1887 2100 1939 Fatendum
2125 1896 2206 1938 est
2238 1889 2456 1937 animam
2479 1886 2573 1937 bac
2592 1886 2675 1935 ire
2703 1894 2764 1937 et
2781 1900 2867 1935 co-

1811 1979 1937 2029 gere
1976 1974 2057 2013 res
2095 1971 2374 2027 penetrare
2407 1969 2612 2027 aperto,
2643 1962 2678 2012 i.
2701 1977 2755 2011 e.
2777 1976 2869 2025 per

1810 2046 2069 2105 apertum,
2091 2054 2184 2089 seu
2211 2055 2306 2104 per
2339 2041 2450 2089 illas
2481 2038 2682 2089 fauces.
2747 2039 2870 2089 Om-

1809 2116 1932 2166 nino
1969 2117 2103 2165 enim
2149 2116 2320 2183 agitur
2363 2115 2430 2165 de
2467 2122 2642 2177 vento,
2661 2126 2769 2165 non
2807 2116 2868 2163 de

1811 2192 1978 2243 mari:
2015 2193 2188 2257 itaque
2226 2192 2315 2241 illa
2347 2190 2725 2241 emendationis
2755 2206 2871 2255 pare

1809 2266 2081 2331 (animam)
2116 2269 2268 2331 plane
2303 2266 2596 2315 necessaria
2628 2272 2742 2326 est3
2778 2280 2871 2329 per

1810 2343 1827 2370 ‘
1851 2341 1966 2393 res'
1986 2348 2160 2393 autem
2196 2342 2433 2405 intelligo
2470 2342 2635 2405 ignes,
2675 2342 2874 2391 scintil-

1811 2418 1935 2481 lam,
1983 2419 2234 2479 cinerem,
2271 2432 2416 2480 saxa,
2449 2420 2548 2467 &c.
2575 2417 2644 2466 de
2684 2416 2873 2481 quibus

1815 2501 1989 2543 antea.
2056 2492 2228 2543 Faber.
2294 2492 2456 2542 Istam
2482 2492 2874 2555 interpretatio-

1814 2582 1933 2617 nem
1965 2567 2156 2617 vitiosa
2193 2582 2328 2617 nuce
2359 2582 2462 2617 non
2507 2581 2750 2617 emerem.
2815 2568 2874 2619 Si

1811 2644 1990 2706 placet
2032 2656 2133 2692 vox
2185 2643 2412 2705 animam,
2457 2644 2559 2706 leg.
2601 2643 2706 2692 Res
2745 2643 2872 2703 cogit

1810 2724 1995 2782 aperta,
2015 2726 2074 2768 ut
2097 2717 2226 2767 alibi
2241 2726 2254 2747 ⁸
2275 2717 2562 2767 Manifesta
2579 2718 2736 2769 docet
2759 2716 2875 2769 res:

1812 2795 1894 2843 Ex
1916 2797 1933 2824 ⁴
1951 2794 2090 2844 Mari
2113 2800 2299 2858 aperto
2313 2793 2329 2817 ³
2352 2793 2437 2843 'vix
2467 2794 2657 2858 aliquis
2693 2808 2876 2843 senam

1811 2877 1988 2933 potest
2022 2870 2265 2932 exprimi,
2287 2870 2374 2935 qui
2409 2884 2537 2919 vero⁴
2570 2870 2698 2919 istas
2722 2884 2878 2921 voces

1811 2946 2032 3009 retinet,
2085 2946 2182 2995 boc
2239 2944 2391 2995 modo
2463 2945 2877 3007 interpretetur3

1813 3023 1830 3050 ‘
1852 3022 1992 3073 Mari
2014 3020 2239 3085 aperto,’
2261 3021 2297 3070 i.
2318 3034 2367 3069 e.
2397 3034 2516 3069 cum
2548 3034 2692 3069 mare
2733 3034 2874 3069 rece-

1812 3097 1939 3147 dita
1961 3095 2220 3146 radicibus
2243 3096 2390 3145 istius
2412 3095 2622 3157 montis,
2635 3102 2694 3147 et
2709 3110 2876 3145 resor-

1811 3172 1902 3222 bet
1919 3170 2129 3222 fluctus.
2197 3171 2389 3221 Creech.

1874 3251 1973 3297 700
2005 3244 2310 3309 Subjectm]
2375 3244 2588 3293 Sursum
2644 3244 2874 3309 jactare.

1809 3321 1976 3372 Lamb.
2042 3321 2108 3371 ln
2143 3321 2306 3370 altum
2345 3320 2546 3370 tollere.
2582 3319 2707 3369 vide
2745 3321 2874 3371 Not.

1809 3396 1876 3446 ad
1897 3401 1945 3448 1.
1967 3400 2018 3446 8.
2040 3396 2160 3446 Fab.
2183 3404 2241 3446 et
2268 3396 2461 3445 στερεὴ.

1873 3476 1969 3521 ‘Iol
1990 3472 2054 3520 Ia
2067 3470 2271 3534 samm]
2294 3469 2476 3521 Lamb.
2497 3470 2653 3533 legit,
2671 3472 2733 3521 In
2747 3484 2876 3521 suns·

1809 3561 1905 3610 ma,
1941 3547 1976 3596 i.
1997 3561 2047 3595 e.
2081 3547 2323 3611 deniqne,
2359 3544 2436 3594 ἐπὶ
2465 3543 2670 3608 τούτοις,
2705 3554 2772 3597 nt
2801 3548 2881 3596 in·

1809 3628 1938 3671 nnat
1961 3624 2135 3685 plures
2159 3635 2277 3671 esse
2299 3621 2552 3685 rationes,
2591 3636 2695 3686 qua
2729 3622 2793 3671 de
2815 3636 2876 3671 re

1809 3699 1864 3749 in
1887 3705 2011 3749 nota
2032 3699 2290 3764 sequenti.
2323 3698 2496 3749 Faber.

1880 3774 2157 3839 Ventigeni]
2185 3774 2274 3823 Sic
2297 3772 2676 3825 emendandum
2697 3776 2880 3827 existi-

1807 3856 1916 3899 mat
1935 3848 2158 3900 anneb.
2180 3848 2318 3899 Adv.
2351 3853 2435 3899 22.
2459 3854 2540 3901 18.
2606 3851 2742 3901 Nam
2763 3852 2882 3901 vul-

1809 3939 1878 3988 go
1899 3924 2110 3988 legitur,
2127 3926 2190 3975 In
2209 3940 2389 3975 sumno
2407 3931 2523 3976 sunt
2540 3927 2722 3977 vertice
2739 3928 2886 3990 item,

1805 4004 1888 4063 θα.
1949 4000 2293 4065 ‘Ventigeui’
2323 4009 2518 4066 autem,
2551 4003 2588 4051 i.
2611 4016 2662 4052 e.
2684 4010 2882 4053 ventos

1809 4081 2084 4141 gignentes
2105 4078 2190 4126 vel
2225 4092 2256 4127 a
2283 4076 2454 4127 ventis
2483 4078 2665 4140 geniti.
2729 4079 2882 4129 Ven-

1808 4159 1892 4203 tus
1915 4153 2053 4203 enim
2074 4157 2303 4202 crateres
2325 4165 2418 4201 seu
2441 4149 2640 4201 fauceis
2661 4153 2778 4203 illas
2797 4152 2883 4203 es-

1806 4228 1940 4280 ficit.
1992 4228 2099 4279 Sed
2119 4227 2329 4277 videtur
2351 4227 2434 4277 hic
2455 4227 2598 4277 locus
2621 4229 2884 4293 explicari

1806 4318 1910 4354 non
1932 4312 2106 4370 posse,
2121 4305 2275 4353 immo
2297 4316 2365 4353 ne
2385 4308 2510 4366 apte
2525 4303 2738 4366 quidem
2756 4318 2880 4355 cuns
