3200 4959
650 421 825 486 1648

638 577 830 644 jactari
869 575 1032 636 magis
1055 574 1226 626 omnia
1255 574 1493 624 material
1517 569 1715 636 Corno-

653 670 713 704 ra
768 653 1036 716 pervideas
1063 667 1078 710 ;
1137 650 1490 710 reminiscere,
1555 649 1715 698 totius

650 731 808 778 imum
833 727 922 778 Nil
943 741 1056 778 esse
1091 727 1142 774 in
1181 740 1398 784 summu,
1435 739 1602 788 neque
1625 724 1713 771 ha-

650 807 778 856 bere
818 804 904 853 ubi
943 817 1162 865 corpora
1200 802 1365 864 prima
1395 800 1715 860 Consistant,

652 881 892 945 quoniam
917 880 1141 941 spatium
1183 879 1294 926 sine
1320 876 1428 926 fine
1457 875 1715 939 modoque

623 949 628 959 '
651 953 765 1014 ατί
783 957 882 1005 &c.
923 953 1088 1003 [anub.

716 1033 811 1079 651
857 1029 919 1078 Et
955 1044 1092 1092 quam
1114 1027 1376 1076 multesima
1405 1025 1611 1089 constet]
1645 1026 1716 1076 Et

653 1118 804 1168 quam
823 1104 888 1152 sit
911 1119 1028 1168 pars
1045 1103 1356 1162 multesima,
1371 1103 1405 1152 i.
1425 1117 1472 1152 e.
1493 1109 1549 1150 et
1560 1115 1715 1165 quum

655 1183 723 1234 sit
748 1194 908 1243 parva
933 1195 1072 1243 pars,
1103 1179 1148 1226 si
1169 1193 1288 1226 cum
1313 1184 1425 1227 toto
1446 1191 1716 1240 compare-

657 1265 760 1307 tur.
827 1256 1126 1304 Multesima
1179 1268 1298 1317 pars
1359 1261 1442 1302 est
1493 1267 1578 1310 ea,
1630 1251 1715 1301 cui

657 1331 836 1381 multae
859 1330 1057 1380 debent
1077 1345 1194 1378 esse
1216 1343 1385 1393 pares,
1405 1335 1497 1378 aut
1519 1328 1715 1376 similes

659 1407 727 1458 ad
761 1405 1182 1457 constituendum
1213 1412 1413 1455 totum:
1445 1400 1719 1452 πολλοστὸν

654 1483 794 1547 μέρος
815 1484 1079 1546 appellant
1104 1480 1297 1531 Graeci.
1323 1478 1524 1544 profert
1543 1486 1715 1527 autem

654 1559 796 1608 hunc
822 1573 1024 1606 versum
1057 1556 1252 1605 Nouius
1274 1555 1326 1602 in
1353 1556 1511 1603 voce‘
1529 1555 1717 1602 multe·

656 1631 820 1683 sima?
845 1632 1011 1685 bamb.
1075 1630 1266 1680 Strabo
1289 1629 1380 1680 lib.
1408 1633 1456 1678 1.
1489 1643 1611 1691 pag.
1634 1632 1717 1678 26.

659 1707 942 1758 naaman-bv
995 1706 1089 1767 ’γὰρ
1143 1703 1278 1768 μέρος
1319 1701 1428 1752 ἐστὶ
1460 1701 1526 1752 τὰ
1565 1701 1719 1765 1·όρρο

656 1779 1104 1848 τερατολογοῦμενα
1145 1782 1241 1828 τῶν
1291 1779 1344 1828 ἑν
1393 1781 1456 1842 τῇ
1505 1775 1719 1828 Ἐλλάδα.

659 1867 676 1888 ⁸
693 1861 978 1924 perexigua
1001 1863 1121 1904 sunt
1148 1868 1326 1902 eorum
1349 1868 1488 1915 pars,
1511 1868 1627 1917 qnae
1650 1853 1719 1902 de

659 1935 774 1998 ipsa
829 1930 1076 1982 Graecia.’
1141 1929 1244 1978 Ubi
1290 1928 1344 1976 in
1390 1927 1547 1978 Notis
1581 1929 1719 1976 huuc

660 2025 866 2074 quoque
905 2009 1073 2057 locum
1116 2003 1328 2054 adducit
1365 2002 1719 2054 casaubonus.

658 2085 792 2134 Han.

685 2197 691 2204 .
722 2161 822 2210 652
863 2159 925 2206 Et
948 2161 1089 2220 quota
1104 2153 1240 2218 pars]
1271 2153 1358 2204 Ita
1380 2161 1486 2204 vet.
1506 2153 1719 2217 quidam

659 2236 794 2285 libri.
839 2234 900 2284 In
927 2232 1231 2296 quibusdam
1256 2232 1393 2294 vulg.
1414 2230 1556 2278 Hoec.
1596 2230 1719 2278 For-

661 2319 717 2360 te
761 2307 1059 2370 legendum,
1091 2307 1202 2363 Ac,-
1247 2310 1305 2353 ut
1347 2313 1402 2354 et
1446 2305 1720 2366 Marullus,

663 2387 748 2434 Et.
814 2383 970 2444 Vulg.
1003 2383 1122 2430 Nec.
1159 2378 1270 2429 Gif.
1337 2380 1465 2428 Cum
1489 2379 1540 2427 in
1559 2380 1718 2428 omni-

662 2464 756 2512 bus
779 2458 926 2508 libris
948 2471 1202 2505 manuscr.
1223 2455 1472 2518 scriptum
1498 2456 1721 2518 reperis-

659 2551 790 2595 sem,
813 2532 1002 2595 partim
1042 2533 1140 2580 Nec
1175 2535 1334 2594 quota,
1373 2531 1558 2592 partim
1595 2531 1721 2580 Hoeo

663 2617 786 2670 tota,
829 2607 1020 2669 partini
1063 2608 1131 2655 Et
1169 2611 1331 2668 quoto,
1375 2607 1452 2655 sic
1495 2608 1721 2670 reposui.

659 2687 814 2750 hujus
837 2692 1008 2732 antem
1040 2683 1329 2744 scripturae,
1369 2697 1496 2750 quie
1519 2684 1720 2746 perspi·

659 2777 758 2812 cue
785 2776 908 2811 vera
928 2767 984 2809 et
1017 2764 1161 2806 recta
1194 2767 1295 2818 est,
1326 2757 1438 2806 liaec
1459 2759 1721 2807 sententia

660 2821 758 2888 est.
827 2838 912 2897 Et,
938 2844 997 2883 ut
1028 2833 1204 2882 videas
1227 2842 1407 2897 quota,
1430 2832 1463 2881 i.
1487 2846 1536 2880 e.
1568 2848 1719 2896 quam

661 2912 956 2969 multesima
991 2916 1047 2962 et
1093 2921 1271 2971 parva,
1309 2909 1377 2957 sit
1411 2922 1529 2970 pars
1557 2909 1721 2958 totius

661 2996 818 3037 terrae
841 2987 994 3034 homo
1035 2998 1183 3044 unus,
1221 2987 1320 3032 ὅτε.
1388 2983 1490 3031 Hic
1514 2998 1721 3048 quoque

660 3077 808 3116 suumn
850 3060 1143 3109 institutum
1187 3057 1377 3118 tenuit,
1415 3072 1611 3120 suoque
1645 3059 1721 3107 in-

660 3138 812 3204 genio
831 3136 1045 3185 indulsit
1065 3133 1262 3182 Zoilus.
1295 3132 1461 3182 Lamb.
1523 3133 1721 3196 Ἀπρσσ-

657 3218 847 3266 διόνυσα
867 3216 998 3263 haec.
1063 3213 1133 3260 Et
1170 3216 1314 3273 quota
1341 3225 1454 3273 pars
1483 3210 1620 3258 homo
1655 3212 1721 3261 sit

661 3293 813 3342 terrai
832 3291 977 3340 totius
995 3303 1134 3338 unus.
1203 3286 1342 3338 Quid
1365 3287 1502 3335 enim
1525 3285 1592 3335 ad
1612 3301 1720 3334 rem

659 3367 791 3418 facit
813 3366 949 3431 quod
973 3372 1029 3414 et
1049 3367 1198 3414 homo
1236 3353 1508 3412 admodum
1536 3376 1721 3425 parvu-

659 3445 713 3494 la
735 3457 798 3492 ac
829 3441 1118 3491 multesima
1156 3439 1359 3486 demum
1403 3452 1522 3500 pars
1563 3444 1719 3486 terrae

660 3522 744 3569 sit·
780 3517 950 3580 Aetate
972 3523 1027 3564 et
1049 3514 1318 3576 ingeniose
1335 3513 1362 3559 ὁ
1381 3510 1502 3560 πάνυ
1523 3512 1567 3560 1.
1589 3512 1721 3561 Vos·

659 3593 792 3642 sius:
829 3592 934 3641 Nec
971 3595 1073 3639 tota
1100 3603 1233 3650 pars,
1255 3588 1388 3636 homo
1410 3587 1560 3636 terrai
1579 3593 1722 3649 quot«

656 3669 807 3726 totius
827 3681 960 3715 unus.
1029 3665 1105 3713 Ut
1127 3667 1236 3712 haec
1259 3662 1560 3712 instituatur
1581 3678 1722 3713 com-

659 3742 886 3808 paratio,
921 3740 1006 3790 liic
1045 3739 1113 3787 sit
1135 3753 1349 3787 sensust
1382 3739 1453 3787 Et
1473 3752 1627 3801 quam
1652 3754 1719 3790 ne

656 3823 771 3870 tota
791 3815 1002 3882 quidem
1025 3828 1144 3887 pars
1167 3812 1392 3862 universi
1414 3814 1482 3863 sit
1516 3816 1722 3878 coelum,

659 3903 820 3959 quota
853 3906 983 3940 unus
1024 3892 1174 3938 homo
1214 3890 1374 3939 totius
1415 3898 1586 3940 terrae.
1654 3892 1719 3941 Id

660 3971 799 4022 enim
823 3968 1046 4018 voluisse
1084 3968 1248 4015 virum
1282 3967 1723 4033 Eruditissimum,

661 4048 870 4110 opinor,
892 4051 949 4094 et
972 4058 1054 4092 res
1077 4043 1191 4106 ipsa
1229 4034 1476 4106 postulat.
1537 4044 1720 4106 Totus,

664 4130 874 4185 quotus,
913 4127 1188 4181 utrumque
1247 4118 1403 4180 priori
1454 4126 1719 4182 correpta,

663 4195 848 4248 eodem
872 4209 1024 4243 sensu
1044 4194 1259 4244 Manilio
1281 4208 1482 4258 quoque
1507 4211 1719 4260 usurpa-

667 4283 778 4324 tum
823 4276 1094 4320 notaverat
1136 4271 1382 4334 Scaliger,
1421 4271 1488 4321 ad
1532 4273 1627 4323 lib.
1669 4277 1717 4322 3.

1359 434 1576 482 1⁴10?AE
1624 432 2026 481 vitumnus!
2054 433 2156 482 ἸΝ

1792 585 1917 636 pag.
1938 578 2020 622 70.
2060 574 2113 622 in
2150 575 2327 625 hisce:
2360 575 2703 626 ‘Detrahitur
2723 571 2853 627 suin&

1792 662 1893 696 mae
1916 657 2031 698 tota
2052 664 2193 712 pars,
2230 659 2391 715 qnota
2425 652 2586 701 demit
2610 652 2852 716 utrinque

1792 723 2051 774 Omnibus
2094 740 2162 774 ex
2206 726 2345 774 horis
2386 728 2583 776 aestivae
2628 729 2853 776 momine

1760 825 1764 830 ·
1791 801 1999 850 noctis!
2065 804 2237 854 Quem
2258 803 2394 852 vide.
2419 805 2592 865 Preig.
2662 806 2737 854 Ut
2756 807 2855 854 lec·

1793 873 1867 924 tio
1944 877 2485 939 praestantissimorum
2559 886 2854 930 nostrorum

1792 951 1959 1002 Codd.
1987 954 2155 1016 Lugd.
2179 955 2299 1004 But.
2335 961 2481 1004 recte
2515 955 2857 1017 intelligatur,

1792 1026 2136 1076 adscribenda
2160 1043 2275 1078 esse
2290 1029 2413 1079 duxi
2434 1031 2523 1080 Jo.
2538 1031 2663 1080 Ger.
2682 1031 2855 1080 Vossii

1794 1101 1973 1160 verba,
1993 1103 2081 1166 qui
2104 1103 2171 1150 de
2190 1101 2344 1154 Anal.
2368 1108 2413 1152 1.
2438 1109 2490 1153 2.
2510 1104 2589 1153 ita
2608 1105 2853 1156 disserit:

1793 1179 2009 1226 ‘Servio
2062 1179 2241 1238 etiam,
2296 1179 2733 1242 interpnetatioue
2800 1183 2851 1230 in

1792 1252 1919 1302 edit.
1950 1257 2000 1302 2.
2026 1254 2243 1303 Donati.
2282 1255 2581 1316 pronomina
2602 1257 2854 1316 generali·

1794 1334 1875 1378 ter
1911 1327 2117 1377 infinita
2154 1335 2293 1390 sunt,
2331 1329 2465 1392 quis,
2498 1329 2683 1392 qualia,
2719 1332 2859 1392 talin,

1795 1411 2037 1468 quantus,
2077 1412 2272 1466 tantus,
2306 1411 2517 1468 quotus,
2562 1412 2723 1454 totus.
2788 1408 2854 1456 E·

1797 1479 1923 1529 tiam
1942 1481 2189 1530 Diomedi
2211 1481 2515 1544 pronomina
2546 1487 2683 1543 sunt,
2707 1483 2853 1544 alius,

1797 1555 1952 1615 alter,
1976 1563 2180 1617 neuter,
2218 1563 2355 1616 nter,
2394 1562 2631 1619 uterque,
2669 1557 2857 1606 alteru·

1797 1640 1901 1694 ter,
1918 1647 2066 1694 unus,
2098 1634 2633 1697 unusquisquemllus,
2667 1634 2854 1696 nullus,

1798 1721 1967 1768 nemo,
1998 1708 2136 1767 talis,
2174 1708 2361 1771 qualis,
2396 1707 2575 1756 totns.’
2647 1709 2749 1757 Ubi
2770 1711 2855 1771 (ut

1796 1789 1854 1830 et
1892 1783 2029 1846 apud
2073 1779 2335 1845 Servium)
2369 1781 2579 1831 ‘totus’
2626 1783 2855 1847 intellige

1795 1869 1897 1904 non
1938 1870 2033 1919 pro
2072 1856 2273 1920 integro
2310 1859 2433 1922 (qua
2474 1857 2853 1919 significatione

1796 1929 1952 1992 plane
1976 1938 2060 1980 est
2082 1929 2293 1994 nomen)
2330 1931 2421 1980 sed
2448 1932 2623 1993 priore
2646 1947 2854 1996 correp·

1798 2011 1875 2066 ta,
1896 2013 1955 2054 ut
1990 2006 2127 2055 idem
2170 2007 2240 2055 sit
2274 2006 2412 2070 quod
2444 2007 2701 2056 τοσοῦτοὲε
2741 2024 2863 2072 quo·

1796 2079 1950 2130 modo
1972 2079 2057 2145 (ut
2074 2081 2681 2146 Despauteriusprimus
2704 2098 2856 2132 anuo-

1799 2155 1957 2220 tavit)
1978 2157 2221 2206 Manilius
2252 2165 2467 2221 usurpat
2498 2159 2591 2207 lib.
2624 2163 2675 2208 3.
2708 2161 2727 2186 ‘
2745 2161 2853 2211 De·

1797 2231 2019 2280 trahitur
2040 2247 2254 2280 summae
2278 2239 2393 2280 tota
2410 2246 2547 2295 pars,
2578 2241 2742 2296 quota
2772 2234 2857 2292 de·

1796 2307 1893 2355 mit
1933 2307 2250 2371 utrumque.’
2318 2307 2678 2372 Similiterque
2721 2310 2857 2374 loqui

1795 2382 2196 2443 Tertullianum,
2230 2383 2476 2432 observat
2501 2382 2577 2431 ibi
2597 2385 2853 2448 Joseplius

1798 2458 2047 2521 Scaliger.
2114 2459 2226 2507 Iino
2266 2465 2321 2508 et
2342 2458 2637 2508 Lucretium
2676 2461 2855 2510 eodem

1798 2533 1951 2582 niodo
2008 2535 2236 2583 locutum
2290 2533 2653 2584 animadverti.
2718 2538 2858 2596 ‚Num

1796 2613 1846 2660 6.
1868 2614 1985 2660 652.
2016 2610 2102 2658 ubi
2145 2625 2176 2658 a
2212 2608 2485 2669 Lambino,
2516 2609 2857 2674 Gifanioqne,

1797 2685 1995 2734 editum
2015 2691 2121 2734 est:
2163 2685 2228 2733 Et
2249 2690 2389 2747 quota
2405 2699 2521 2748 pura
2551 2686 2688 2734 homo
2709 2687 2859 2735 terrm·

1794 2763 1861 2810 sit
1894 2762 2040 2812 totius
2071 2777 2221 2812 unm.-
2254 2763 2667 2826 elegantissima,
2703 2765 2859 2814 veris·

1796 2838 2029 2902 siinaque
2070 2846 2151 2886 est
2194 2838 2371 2898 lectio,
2422 2853 2577 2902 quam
2622 2838 2855 2890 disertio·

1797 2913 1991 2964 habent
2015 2921 2119 2962 vet.
2142 2913 2458 2962 membranae
2482 2921 2675 2962 nostrae
2696 2933 2710 2963 ε
2742 2917 2859 2966 ,Νοσ

1797 2995 1897 3038 tota
1916 3003 2029 3052 pars
2042 2988 2177 3037 homo
2198 2989 2366 3048 terrui,
2380 2993 2523 3050 quota
2543 2988 2692 3038 totius
2720 3005 2855 3038 anus.

1800 3065 1939 3116 Quin
1988 3065 2263 3114 Lambinus
2305 3079 2509 3129 quoque
2552 3063 2774 3128 fatetur,
2806 3066 2853 3114 in

1797 3139 2103 3205 quibusdam
2142 3155 2199 3188 se
2235 3143 2630 3191 manuum-..Neo
2682 3148 2860 3204 quotu

1796 3216 1849 3264 in
1872 3215 2004 3277 aliis,
2034 3217 2103 3264 Et
2124 3221 2300 3278 quom,-
2339 3215 2391 3264 iu
2430 3216 2565 3275 aliis,
2587 3216 2716 3266 Haec
2738 3223 2855 3280 totu,

1794 3291 2074 3340 iuvenisse.
2139 3290 2294 3341 Quod
2335 3305 2457 3341 vero
2492 3293 2687 3341 Petrus
2726 3293 2856 3361 Can-

1795 3366 1947 3414 didus
1971 3367 2023 3416 in
2050 3366 2361 3428 Florentina,
2390 3366 2647 3415 Marullus
2674 3367 2730 3418 in
2756 3370 2855 3416 Ve-

1795 3449 1918 3492 neta
1956 3451 2260 3503 mutarunt3
2294 3443 2346 3491 id
2386 3456 2484 3492 non
2508 3443 2722 3493 aliunde
2756 3456 2855 3507 est,

1795 3533 1947 3582 quain
1970 3518 2127 3581 quod,
2160 3516 2229 3567 ob
2268 3518 2529 3567 modulum
2574 3518 2768 3580 prioris
2805 3521 2855 3568 in

1793 3598 1938 3655 totus,
1974 3607 2133 3656 pravo
2168 3594 2306 3642 male
2341 3594 2447 3642 talo
2471 3607 2677 3640 versum
2714 3602 2857 3642 stare

1794 3669 2143 3719 crediderunt.
2208 3667 2349 3720 Quid
2392 3667 2616 3716 mirum?
2650 3668 2859 3731 quando

1794 3745 2115 3809 antiquiores
2132 3744 2293 3793 etiam
2314 3744 2369 3793 in
2384 3757 2448 3792 eo
2470 3742 2719 3806 decepti:
2746 3758 2859 3793 eos·

1793 3835 1895 3884 que
1916 3822 2055 3880 inter
2078 3819 2377 3880 Cledonius,
2407 3821 2668 3868 Romanus
2700 3821 2858 3868 Sena-

1796 3901 1899 3957 tor,
1951 3893 2335 3944 Grammaticus
2379 3894 2861 3957 Constantinopoli.

1796 3977 1977 4019 tauus:
2014 3970 2101 4032 qui
2135 3983 2253 4032 cap.
2291 3967 2357 4017 de
2379 3968 2719 4030 Pronomine‚
2742 3985 2854 4020 rec-

1796 4051 1850 4094 te
1872 4043 2079 4108 quidem
2116 4043 2255 4092 inter
2293 4043 2647 4108 provocabula
2685 4045 2853 4107 ponit,

1794 4121 1811 4150 ‘
1829 4119 1989 4184 quot,’
2009 4121 2025 4148 ‘
2048 4115 2165 4181 tot,’
2208 4119 2224 4147 ‘
2240 4117 2467 4182 quotus,'
2503 4118 2519 4145 ‘
2541 4119 2733 4179 totus3’
2767 4134 2850 4167 ve-

1794 4211 1906 4247 rum
1930 4197 2111 4259 inepte
2136 4196 2365 4259 subjicit,
2389 4198 2405 4223 ‘
2424 4203 2615 4259 quotus
2634 4194 2649 4216 '
2672 4197 2853 4258 penul·

1798 4273 1970 4324 tiniam
2020 4287 2227 4338 acuere,
2246 4273 2261 4300 ‘
2310 4272 2483 4334 totus?
2540 4270 2850 4322 circumflec-
