3200 4959
643 405 818 474 1586

640 575 788 619 cutas
833 563 1032 624 inflare,
1071 575 1165 626 per
1203 560 1515 613 calamorum
1552 557 1701 608 sibila

644 657 808 694 cava:
843 640 879 688 i.
903 653 950 688 e.
975 644 1030 687 et
1053 635 1263 686 Favonii
1287 635 1578 683 docuerunt
1602 631 1702 696 pri-

642 731 782 766 mum
806 715 1026 764 rusticos
1058 712 1255 761 cicutas
1301 708 1484 758 inflare
1519 723 1588 756 ex
1618 722 1701 767 eo,

643 791 781 856 quod
807 788 988 838 calami
1009 786 1076 834 ab
1098 785 1160 834 iis
1179 784 1365 848 agitati
1381 783 1555 832 sibilos
1577 781 1703 830 ede·

640 865 788 914 bant.
851 863 970 913 Jam
1013 860 1140 909 illud
1187 865 1370 919 totum,
1402 857 1566 905 ‘cava
1609 869 1705 919 per

643 941 954 990 calamorum
971 933 1155 996 sibila,’
1165 933 1426 998 duplicem
1445 933 1702 995 iuterpre-

645 1015 892 1065 tationem
936 1012 1168 1074 recipere
1212 1010 1440 1068 videtur,
1476 1022 1592 1068 quae
1628 1013 1705 1056 ta·

643 1105 764 1139 meu
787 1088 968 1138 eodem
992 1085 1290 1135 revolvitur.
1342 1081 1478 1132 Nam
1501 1083 1584 1130 vel
1606 1083 1621 1108 ‘
1640 1082 1706 1130 si·

646 1165 786 1215 bila'
807 1165 882 1214 sic
917 1161 1083 1225 accipi
1117 1165 1310 1224 potest,
1333 1165 1392 1207 ut
1427 1159 1495 1206 sit
1517 1171 1706 1206 nomen

645 1242 899 1290 substant.
921 1253 1035 1287 σασα
1057 1243 1229 1285 autem
1252 1235 1446 1297 adject.
1477 1234 1557 1282 vel
1589 1247 1709 1282 con·

648 1325 751 1380 tra,
773 1317 788 1346 ‘
810 1331 940 1366 cava
958 1315 972 1337 '
991 1315 1117 1363 licet
1153 1325 1268 1362 esse
1309 1309 1566 1358 substant.
1602 1309 1617 1338 ‘
1642 1309 1709 1356 si-

647 1393 786 1445 bila'
809 1390 1141 1454 adjectivum.
1209 1388 1282 1437 Et
1321 1387 1396 1434 ita
1418 1387 1433 1413 ‘
1453 1397 1582 1434 cava
1622 1398 1707 1433 ca-

648 1466 934 1527 lamorum‚’
961 1461 1418 1525 interpretabimur
1454 1459 1710 1508 cavitates

651 1543 998 1592 calamorum:
1046 1537 1262 1588 ‘sibila'
1301 1543 1492 1599 autem,
1533 1535 1711 1584 sibilos

649 1617 931 1666 mittentia.
964 1615 1112 1675 Virg.
1136 1614 1328 1675 Georg.
1353 1615 1400 1661 3.
1422 1616 1536 1660 421.
1555 1613 1570 1638 ‘
1590 1611 1712 1659 Tol·

649 1691 950 1752 lentemque
986 1689 1174 1749 minas,
1196 1694 1252 1736 et
1275 1686 1429 1735 sibila
1461 1686 1597 1736 colla
1634 1693 1712 1733 tu-

571 1783 578 1792 *
649 1765 910 1816 mentem.’
958 1763 1105 1812 Idem
1130 1763 1244 1812 AEu.
1267 1769 1316 1810 5.
1341 1766 1456 1811 277.
1505 1764 1521 1789 ‘
1547 1763 1712 1810 Parte

647 1843 819 1901 ferox,
841 1841 1130 1904 ardensque
1151 1839 1332 1900 oculis,
1353 1844 1410 1887 et
1431 1837 1584 1886 sibila
1607 1839 1711 1887 col-

652 1918 702 1966 la
727 1914 934 1965 Arduus
959 1912 1242 1973 attollens,’
1265 1916 1364 1962 ὅτε.
1397 1912 1563 1962 Lamb.

719 1995 848 2042 1382
883 1990 1062 2052 Inflare
1105 1987 1308 2050 deuius]
1343 1989 1556 2050 Cicuta-s,
1594 1986 1631 2036 i.
1670 2001 1717 2039 e.

655 2067 896 2126 calamos,
935 2079 1144 2114 cannas.
1192 2064 1341 2126 Virg.
1385 2065 1498 2114 Ecl.
1539 2069 1590 2112 2.
1634 2069 1715 2114 36.

653 2145 669 2172 ‘
693 2145 789 2192 Est
807 2141 928 2190 mihi
947 2140 1240 2203 disparibus
1252 2147 1454 2202 septem
1475 2152 1717 2202 compac-

654 2226 707 2266 ta
731 2217 916 2267 cicutis
957 2215 1194 2264 Fistula.'
1239 2217 1364 2277 Sup.
1404 2215 1492 2263 lib.
1528 2218 1577 2264 4.
1604 2219 1717 2264 592.

653 2295 668 2318 ‘
687 2293 835 2339 Unco
871 2304 1012 2353 saepe
1039 2289 1184 2338 labro
1207 2290 1431 2338 calamos
1457 2291 1717 2352 percurrit

653 2364 911 2414 hianteis.'
946 2365 1034 2428 qui
1069 2377 1246 2412 versus
1281 2363 1454 2412 statim
1477 2363 1715 2424 iteratur.

653 2441 825 2504 inflare
862 2445 1036 2486 autem
1089 2437 1304 2500 proprie
1347 2437 1560 2486 dictum.
1628 2439 1716 2488 Sic

654 2515 802 2576 virg.
828 2514 880 2561 in
902 2513 1113 2574 Daphn.
1149 2513 1314 2574 princ.
1351 2512 1459 2559 ‘Tu
1491 2512 1715 2562 calamos

657 2585 836 2635 inflare
859 2587 1038 2642 leveis,
1063 2600 1160 2647 ego
1177 2585 1352 2634 dicere
1373 2587 1587 2636 versus.’
1634 2590 1713 2638 Μ.

653 2665 788 2712 Tull.
807 2664 858 2711 iu
883 2665 1073 2724 Bruto,
1114 2666 1128 2690 ‘
1148 2662 1203 2710 Si
1229 2662 1376 2711 tibiae
1399 2661 1590 2712 inflatae
1614 2678 1715 2713 non

657 2737 896 2788 referunt
932 2737 1142 2799 sonum,'
1181 2740 1282 2787 ὅτε.
1329 2739 1498 2786 Lamb.
1564 2739 1713 2802 Virg.

549 2810 561 2820 '
658 2829 861 2878 quoque
885 2828 978 2876 pro
999 2813 1194 2874 fistula,
1214 2815 1310 2862 διο.
1329 2813 1405 2861 ita
1426 2813 1442 2839 ‘
1457 2813 1717 2877 calamos,’

660 2894 674 2918 ‘
698 2889 950 2938 avenam.’
985 2889 1160 2937 Faber.

726 2969 852 3012 1387
883 2962 1281 3026 Unumqaidquid]
1297 2961 1713 3028 Unumquidque.

661 3041 830 3090 Lumb.
1700 3057 1706 3064 ·

727 3118 854 3163 1389
889 3113 1015 3162 Hoec
1047 3113 1227 3162 animos
1258 3111 1381 3172 ollis,
1414 3111 1523 3187 ssa]
1579 3110 1627 3160 Ι.
1670 3127 1717 3162 e.

657 3191 736 3238 liis
773 3189 927 3238 rudes
964 3189 1040 3237 illi
1072 3188 1306 3237 homiues
1339 3187 1721 3248 mulcebantur,

661 3279 735 3314 ac·
771 3264 1166 3314 delectabantur
1211 3264 1424 3327 eo‘ipso
1471 3271 1722 3326 tempore,

659 3355 758 3405 quo
783 3340 1125 3404 epulabantur
1160 3345 1216 3388 et
1247 3340 1603 3389 satiabantur:
1642 3340 1721 3388 vel

659 3431 764 3465 una
787 3429 904 3465 cum
928 3415 1047 3464 cibo
1071 3430 1172 3480 quo
1195 3417 1532 3477 satiabantur,
1555 3431 1724 3477 agres-

661 3492 704 3542 ti
745 3485 952 3541 musica¹
985 3489 1180 3538 animos
1213 3504 1332 3538 suos
1371 3490 1723 3540 oblectabant.

661 3569 676 3599 ⁸
695 3565 929 3626 satiate,'
951 3566 987 3614 i.
1007 3579 1053 3616 e.
1077 3565 1343 3614 satietate.
1376 3564 1546 3613 Lamb.

728 3643 858 3687 1390
897 3640 1023 3686 Nam
1058 3643 1158 3686 tum
1199 3644 1308 3687 sunt
1351 3639 1528 3702 omnia]
1585 3639 1632 3688 1.
1674 3654 1719 3690 e.

659 3729 780 3762 nam
806 3720 916 3763 tum
938 3715 1106 3761 omnia
1129 3720 1278 3774 grata
1295 3721 1430 3761 sunt.
1498 3714 1723 3764 Quidam

661 3789 863 3849 legunt,
884 3801 997 3839 nam
1013 3791 1111 3837 tum
1133 3787 1232 3836 haec
1253 3793 1363 3836 sunt
1395 3789 1551 3836 omitia
1573 3792 1720 3840 cordi.

663 3864 849 3915 Lamb.
929 3865 1001 3913 Ni
1043 3864 1164 3914 mihi
1207 3865 1586 3928 properandum
1633 3869 1721 3930 sit,

663 3941 844 3989 videor
902 3939 1122 4002 probare
1151 3967 1153 3970 <
1210 3955 1362 4004 posse
1431 3940 1723 4006 legendum,

667 4017 800 4066 Nam
833 4022 934 4065 tum
971 4008 1091 4064 sunt‘
1118 4017 1218 4067 otia
1248 4017 1398 4076 cordi,
1436 4016 1490 4064 id
1524 4022 1580 4066 et
1613 4032 1721 4066 ver-

665 4107 752 4141 sus
796 4093 1089 4155 superiores
1139 4092 1453 4153 ostenduu't3
1480 4099 1552 4147 ,et
1593 4108 1721 4157 quos

653 4167 765 4231 jam
787 4166 950 4230 leges,
981 4169 1028 4216 ei
1059 4169 1372 4231 conjecturae
1414 4182 1516 4216 non
1540 4169 1721 4218 adver·

664 4245 858 4290 santur.
923 4241 1056 4290 Vide
1101 4248 1291 4291 tamen.
1363 4241 1480 4290 Tum
1525 4249 1719 4305 autem,

1331 415 1550 464 No'rAE
1593 409 1999 464 vAmoRUM
2051 409 2130 460 ΙΝ

1780 556 1814 604 i.
1842 569 1887 604 e.
1920 549 2035 606 c'um
2058 549 2289 602 homines
2307 547 2323 576 ⁸
2340 545 2539 598 satulli?
2570 549 2765 596 suntet
2786 546 2845 604 s'e

1781 645 1836 680 se
1860 630 2025 694 epulis
2044 621 2349 678 'invitarunt
2372 623 2685 692 plusculum.
2722 621 2847 672 Fab.

1781 707 1951 756 Faber
1977 706 2096 754 Otia
2116 703 2277 752 cordi.-
2312 705 2558 748 venuste:
2595 699 2755 746 Voss.
2780 696 2851 746 ad

1782 783 1976 832 Catull.
1999 795 2053 843 p.
2074 782 2187 827 167.
2260 775 2436 824 Omnia
2452 775 2657 822 chordoe.
2716 773 2850 822 Post

1781 849 2207 906 satietatem'cibi
2243 850 2385 912 nihil,
2423 847 2850 910 inquit,homini-

1782 934 1879 985 bus
1913 946 2059 998 oeque
2096 931 2273 994 placet
2307 942 2368 976 ac
2402 925 2619 986 musica,
2662 930 2851 987 utpote

1782 1027 1901 1076 qua».
1926 1015 2048 1060 tunc
2088 1009 2157 1057 sit
2186 1006 2253 1054 τὰ
2284 1001 2453 1052 πάντα.
2525 1002 2643 1051 Nec
2667 1009 2751 1050 est
2787 1008 2851 1050 ut

1784 1088 2052 1150 quisquam
2069 1085 2289 1133 miretur
2310 1079 2531 1130 chordas
2549 1077 2658 1126 dici
2674 1077 2853 1138 tibias,

1782 1176 1899 1212 cum
1934 1162 2049 1210 vice
2084 1172 2236 1208 versa
2268 1155 2481 1206 citharae
2518 1153 2851 1215 accipiantur

1784 1249 1989 1300 quoque
2009 1249 2103 1298 pro
2126 1233 2283 1284 tibiis.
2320 1230 2513 1279 Creech.
2581 1229 2773 1278 Posses
2794 1233 2853 1276 et

1781 1311 1961 1358 somnia
1981 1310 2192 1373 legere3
2228 1315 2284 1356 at
2316 1305 2523 1354 omnino
2554 1305 2729 1367 placet
2753 1304 2851 1352 Fa-

1786 1385 1868 1433 bri
1891 1384 2015 1433 illud
2040 1383 2157 1434 otia.
2178 1381 2479 1432 recumbere
2498 1379 2709 1428 enimin
2735 1393 2851 1442 pra-

1787 1462 1875 1522 tis,
1914 1475 2098 1510 curare
2132 1471 2371 1522 corpora,
2405 1457 2551 1520 joca,
2586 1469 2853 1508 sermones

1786 1550 1978 1595 serere,
1999 1539 2096 1584 διο.
2114 1535 2396 1584 otiosorum
2415 1539 2551 1582 sunt.
2582 1533 2720 1582 Hav-

1854 1616 1985 1661 1392
2019 1612 2227 1673 Propter
2244 1624 2380 1673 aque
2400 1605 2578 1669 rivum]
2602 1606 2648 1655 1.
2670 1621 2717 1656 e.
2731 1621 2850 1670 pro-

1786 1703 1854 1752 pe
1879 1703 2026 1751 aquoe
2065 1686 2248 1736 rivum.
2315 1684 2529 1735 Profert
2562 1685 2701 1732 hunc
2742 1697 2854 1732 ver·

1788 1779 1902 1813 sum
1921 1765 2154 1813 Donatus
2176 1761 2241 1810 ad
2262 1761 2389 1811 illud
2410 1761 2529 1809 Ter.
2547 1759 2778 1822 Adelph.
2801 1763 2851 1808 4.

1788 1844 1838 1888 2.
1858 1843 1939 1888 37.
1972 1841 1987 1866 ⁸
2004 1838 2329 1900 angiportum
2352 1842 2569 1899 propter
2588 1834 2705 1885 est!
2748 1837 2850 1883 Ex-

1790 1907 1981 1977 pressit
2014 1914 2111 1962 hoc
2148 1910 2529 1960 hemistichium
2564 1911 2711 1973 Virg.
2735 1911 2851 1958 Ecl.

1790 1994 1840 2038 8.
1874 1993 1955 2038 87.
1990 1991 2003 2016 ‘
2030 1989 2253 2049 Propter
2297 2001 2443 2050 aquoe
2488 1987 2653 2035 rivum
2701 1985 2853 2035 viridi

1792 2063 2087 2126 procumbit
2108 2063 2162 2111 in
2183 2061 2381 2113 herba.’
2421 2061 2591 2111 Lamo.

1858 2143 1987 2189 1394
2021 2140 2143 2188 Cum
2174 2143 2423 2200 tempestas
2452 2135 2663 2200 ridebat]
2722 2137 2855 2186 Cum

1792 2230 1889 2279 per
1922 2216 2042 2264 anni
2078 2221 2283 2277 tempus
2318 2213 2542 2263 licebatt
2576 2227 2691 2260 cum
2730 2209 2854 2261 anni

1794 2297 2075 2355 tempestas
2100 2303 2200 2338 non
2224 2294 2338 2337 erat
2363 2287 2570 2337 turbida
2590 2292 2681 2335 aut
2703 2284 2855 2350 frigi-

1792 2367 1876 2428 da,
1901 2366 1990 2415 sed
2016 2379 2201 2414 serena
2222 2371 2277 2412 et
2308 2363 2504 2427 tepida.
2570 2362 2716 2411 Idem
2759 2361 2857 2414 Lu·

1792 2450 1923 2492 cret.
1944 2447 1993 2491 2.
2019 2446 2101 2490 32.
2122 2443 2137 2468 ‘
2160 2439 2465 2488 Praesertim
2490 2453 2615 2487 cum·
2632 2446 2857 2501 tempes-

1794 2526 1872 2566 tas
1910 2517 2126 2578 arridet,
2169 2520 2225 2564 et
2264 2516 2386 2564 anui
2434 2516 2706 2578 tempora‚'
2756 2517 2859 2564 διο.

1790 2592 1959 2640 Lumb.
2670 2603 2677 2610 ·
2835 2600 2843 2609 ⁹

1852 2658 1927 2715 ‘Et
1959 2667 2075 2715 anni
2118 2664 2374 2729 Tempora]
2428 2667 2558 2728 Ver,
2593 2672 2651 2717 et
2683 2671 2858 2716 aestas.

1788 2743 1956 2792 Lamb.

1855 2823 1981 2868 1398
2017 2819 2240 2882 Coronis]
2285 2817 2394 2867 Alii
2430 2819 2613 2880 legunt
2646 2817 2861 2868 corollis.

1791 2893 1927 2958 quod
1952 2892 2099 2941 nullis
2123 2895 2173 2941 in
2198 2893 2343 2941 libris
2368 2893 2556 2954 reperi.
2627 2893 2859 2942 Omnino

1790 2983 1893 3017 non
1916 2975 1997 3017 est
2018 2982 2233 3017 necesse
2257 2967 2535 3032 quidquam
2559 2969 2646 3017 hic
2674 2970 2859 3016 immu-

1791 3051 1923 3092 tare.
1991 3044 2125 3092 Nam
2149 3052 2423 3107 utrumque
2448 3059 2638 3094 nomen
2662 3060 2693 3093 a
2710 3051 2861 3092 vete-

1792 3120 1932 3169 ribus
1953 3131 2048 3183 pro
2073 3134 2127 3168 re
2150 3120 2333 3168 eadem
2350 3121 2557 3182 reperio
2576 3135 2692 3169 esse
2712 3135 2862 3172 usur-

1793 3202 1986 3258 patum.
2054 3195 2271 3244 Plautus
2314 3194 2580 3258 Amphitr.
2615 3200 2665 3244 3.
2696 3199 2747 3244 4.
2776 3199 2859 3244 16.

1794 3271 1809 3297 ‘
1832 3269 2047 3332 Capiam
2070 3269 2323 3318 Coronam
2346 3270 2416 3317 mi
2438 3270 2493 3317 in
2514 3277 2675 3332 caput
2695 3287 2709 3318 ε
2734 3271 2860 3318 assi-

1794 3344 1999 3406 mutabo
2044 3357 2125 3392 me
2170 3358 2283 3391 esse
2324 3343 2566 3392 ebrium.’
2610 3345 2862 3408 Sequitur

1796 3419 1975 3482 paucis
2014 3425 2134 3480 post
2178 3419 2452 3467 versibus:
2505 3421 2521 3446 ‘
2545 3417 2643 3467 Ibo
2686 3419 2859 3467 intro:

1796 3493 2000 3555 capiam
2048 3499 2304 3555 ornatum,
2350 3494 2435 3557 qui
2480 3495 2618 3557 potis
2664 3493 2865 3543 decet.'

1794 3567 1882 3616 Sic
1905 3569 2042 3616 enim
2082 3569 2305 3625 restitui,
2338 3569 2427 3617 ubi
2470 3570 2625 3630 vulgo
2647 3568 2867 3631 legitur,

1798 3642 1877 3704 qui
1894 3643 2054 3706 potius
2072 3645 2220 3692 decet.
2284 3642 2461 3706 Atque
2497 3645 2609 3692 haec
2650 3651 2731 3692 est
2756 3659 2865 3692 una

1799 3717 2089 3767 emendatio
2118 3732 2184 3766 ex
2214 3719 2470 3768 sexcentis
2494 3719 2674 3783 quibus
2696 3719 2863 3767 Plau-

1797 3799 1909 3843 tum
1948 3795 2210 3843 meliorem
2248 3793 2459 3856 factum,
2493 3802 2549 3844 et
2585 3809 2861 3858 propemo-

1796 3869 1919 3918 dum
1938 3869 2368 3933 r'edintegratum,
2386 3877 2441 3919 et
2459 3880 2717 3934 praeterea
2745 3871 2866 3920 b’re-

1800 3945 1943 3993 vibus
1960 3947 2339 3995 commentariis
2357 3947 2690 4009 illustratum,
2710 3948 2863 3998 brevi

1798 4018 2093 4082 divulgabo,
2128 4021 2245 4070 Deo
2273 4023 2471 4085 optimo
2494 4037 2631 4090 max.
2668 4036 2861 4086 appro-

1799 4093 1975 4148 bante.
2013 4095 2159 4145 Idem
2200 4097 2395 4146 Pseud.
2430 4104 2480 4146 6.
2504 4103 2550 4146 2.
2572 4102 2621 4146 2.
2654 4099 2670 4125 ‘
2689 4099 2861 4148 Sino.

1798 4171 1946 4236 Quid,
1961 4171 2111 4221 video
2128 4186 2257 4236 ego:
2284 4173 2485 4222 PsEun.
2512 4173 2642 4222 Cum
2665 4187 2861 4222 corona

1795 4245 1994 4296 ebrium
2040 4247 2352 4298 Pseudolum
2398 4247 2578 4298 tuum.’
2620 4249 2861 4312 sequitur
