3200 4959
626 410 799 478 1530

627 575 859 634 gentem,
905 570 965 616 nt
1000 563 1285 627 complures
1315 561 1467 626 ignes
1510 566 1683 612 extre-

627 659 767 695 mum
806 650 961 693 terrae
998 639 1292 701 terminum,
1325 653 1477 703 quem
1499 637 1683 687 finien-

628 727 735 770 tem
763 719 1047 782 appellant,
1078 716 1338 779 attingere
1372 712 1684 764 videantur?

629 795 803 844 Simile
834 792 1077 858 quiddam
1106 796 1280 840 narrat
1314 789 1452 842 idem
1488 789 1684 839 Diodo-

629 883 718 918 rus
753 868 889 919 libro
924 867 1085 916 tertio
1123 864 1364 916 accidere
1399 866 1452 914 in
1488 862 1687 913 Arabia

628 944 911 1005 fortunata,
942 942 1079 1006 quod
1113 941 1181 990 ad
1220 939 1341 990 solis
1364 945 1533 989 ortum
1566 938 1688 987 atti·

630 1027 743 1082 net,
771 1020 852 1068 his
874 1019 1078 1068 verbis:
1114 1017 1168 1065 ἐκ
1186 1015 1333 1076 μέσον
1362 1013 1413 1064 δὲ
1434 1015 1521 1063 τοῦ
1539 1011 1687 1063 πελά-

629 1111 743 1156 *yovs
776 1093 922 1158 φασὶν
950 1090 1313 1156 ἀναφαινόμενον
1342 1089 1484 1139 αὐτὸν
1504 1089 1688 1153 [ἥλιον]

631 1174 821 1236 ὁρᾶσθαι
838 1169 926 1230 μὲν
950 1169 1140 1233 ἄνθρακι
1160 1166 1483 1231 παραπλήσιον
1500 1169 1568 1228 τᾷ
1603 1183 1687 1214 πυ·

629 1245 921 1314 ρωδεστότῳ,
956 1248 1206 1309 σπινθῆρα
1230 1243 1281 1293 δὲ
1315 1244 1396 1306 ὐφ’
1419 1244 1587 1293 ἑαυτοῦ
1607 1260 1687 1302 με·

628 1322 806 1386 γέλους
842 1322 1151 1386 &suffitu-ew.
1200 1321 1235 1372 i.
1256 1335 1301 1370 e.
1348 1322 1365 1349 ‘
1391 1321 1473 1368 Ex
1517 1317 1690 1368 medio

632 1406 807 1450 antem
829 1399 957 1446 mari
996 1398 1142 1446 aiunt
1176 1396 1335 1444 solem
1366 1392 1689 1444 exorientem

628 1475 777 1524 cerni
814 1487 995 1537 prunae
1018 1469 1429 1521 candentissimae
1453 1468 1689 1528 similem,

626 1549 877 1600 scintillas
915 1556 1091 1596 autem
1134 1560 1199 1594 ex
1242 1559 1300 1594 se
1339 1556 1555 1606 magnas
1607 1543 1689 1606 ja·

634 1624 789 1687 eere‚'
810 1627 911 1672 dte.
945 1622 1111 1671 Lame».
1661 1651 1670 1658 -

628 1731 637 1742 -
698 1703 796 1749 670
830 1699 900 1747 Et
920 1702 1046 1762 certo
1075 1693 1349 1757 dimittunt]
1383 1696 1467 1746 Sic
1498 1696 1664 1747 baben

631 1775 832 1839 aliquot
867 1773 985 1822 libri
1022 1785 1281 1821 manuscr.
1316 1777 1372 1820 et
1402 1785 1503 1819 non
1536 1769 1689 1834 pauci

632 1851 851 1916 vulgati,
886 1850 1067 1900 melius
1089 1846 1322 1914 (opinor)
1345 1863 1499 1912 qnam
1519 1849 1689 1896 demit-

624 1933 755 1980 tunt.
791 1927 970 1976 Lamb.
1037 1924 1335 1974 Demittunt.
1383 1923 1469 1972 Ita
1490 1937 1555 1972 ex
1579 1923 1691 1987 qui-

632 2003 849 2054 busdam
872 2009 980 2052 vet.
1001 2000 1175 2062 malni,
1194 2015 1309 2049 cum
1330 2000 1575 2049 Marullo.
1627 1999 1690 2048 In

632 2080 775 2128 aliis:
809 2080 1075 2129 dimittunt.
1122 2075 1297 2125 Gifan.
1321 2091 1395 2126 vs.
1416 2080 1531 2125 757.
1562 2077 1578 2105 ‘
1604 2075 1692 2124 Sol

632 2153 855 2204 dimittit
874 2152 1145 2216 languidus
1168 2151 1348 2214 ignes!
1385 2152 1591 2202 Creeclt..

696 2233 791 2280 671
835 2230 933 2277 Nec
952 2228 1106 2278 minus
1133 2227 1187 2275 ιἰι
1206 2226 1356 2288 certo]
1388 2227 1473 2276 Sic
1514 2227 1690 2289 legen·

633 2303 777 2363 dum,
796 2302 986 2352 incerto
1000 2300 1221 2359 divisim,
1240 2315 1345 2349 non
1368 2301 1547 2350 incerto
1570 2315 1692 2351 con·

621 2377 864 2443 junctim.
882 2382 1036 2439 atque
1052 2374 1144 2422 illo
1164 2374 1316 2422 modo
1339 2376 1588 2438 scriptum
1612 2383 1691 2424 est

634 2453 689 2502 in
713 2449 879 2500 tribus
912 2450 1005 2499 lib.
1036 2448 1349 2512 manuscrip.
1394 2456 1451 2498 et
1493 2450 1547 2499 in
1574 2450 1690 2498 Flo-

637 2525 873 2576 rentinis.
905 2523 1072 2574 Lamo.

628 2646 636 2653 .
701 2599 933 2665 Imperat]
962 2599 1219 2650 Tralatio.
1266 2599 1353 2650 Sic
1374 2613 1487 2665 sup.
1506 2604 1552 2650 1.
1578 2603 1691 2652 1⁷6.

637 2677 655 2705 ⁴
678 2676 849 2725 viteis
869 2683 1148 2725 auctumno
1164 2673 1312 2725 fundi
1344 2675 1596 2725 suadente
1617 2675 1692 2724 vi-

638 2751 860 2802 demus!
892 2751 1058 2802 Iamb-

696 2844 796 2890 672
836 2839 999 2902 Veste]
1032 2839 1317 2901 Lanngine.
1364 2845 1421 2888 et
1463 2839 1539 2889 ita
1583 2837 1694 2887 No-

636 2917 772 2966 nius.
794 2915 931 2964 uude
966 2917 982 2943 ‘
1003 2913 1259 2974 investes:
1282 2913 1593 2976 impuberes.
1617 2914 1694 2964 sic

637 2991 787 3054 virg.
811 2989 927 3039 AEn.
966 2992 1015 3038 8.
1050 2993 1167 3038 659.
1202 2990 1217 3016 ‘
1243 2987 1417 3038 Aurea
1454 2992 1694 3040 caesaries

626 3067 773 3128 ollis,
804 3074 959 3131 atque
1003 3079 1159 3114 aurea
1204 3063 1400 3114 vestis!
1482 3066 1693 3116 Lucret.

636 3143 733 3194 inf.
755 3144 873 3193 eod.
899 3143 990 3191 lib.
1014 3145 1124 3192 887.
1160 3142 1175 3169 ‘
1195 3141 1448 3205 juventas⁴
1464 3142 1697 3205 Occipit,

638 3229 696 3271 et
718 3220 856 3270 molli
878 3219 1035 3270 vestit
1051 3218 1293 3280 lanugine
1310 3217 1505 3268 malas.'
1525 3219 1693 3268 Lamb.

622 3296 923 3359 .Lanngine.
990 3295 1326 3344 Grammatici
1390 3295 1575 3358 passim
1639 3303 1697 3348 et

629 3371 784 3433 virg.
817 3372 1149 3432 interpretes.
1173 3371 1346 3419 Faber.
1417 3372 1698 3436 Vitg.AEn.

638 3449 688 3495 8.
708 3449 824 3495 659.
857 3445 873 3472 ‘
897 3448 1073 3494 Aurea
1100 3444 1342 3494 caesaries
1378 3445 1498 3508 illis,
1534 3454 1693 3511 atque

637 3534 796 3570 aurea
817 3517 1014 3570 vestis!
1080 3519 1198 3568 Hoc
1222 3527 1307 3568 est
1329 3519 1524 3580 Barba,
1559 3522 1698 3571 unde

636 3611 671 3646 e
692 3603 876 3646 contra
894 3597 1125 3645 investes
1148 3593 1365 3643 dicimus
1404 3593 1696 3652 imber-best

639 3671 780 3720 unde
819 3675 900 3719 est
942 3669 1055 3718 AEn.
1090 3672 1141 3716 8.
1188 3671 1300 3717 luo.
1347 3667 1364 3695 ‘
1392 3669 1535 3718 Tunc
1573 3670 1700 3720 mihi

638 3746 808 3811 prima
827 3758 985 3808 genas
1007 3742 1233 3792 vestibat
1267 3740 1396 3791 flore
1422 3744 1699 3806 juventas-⁹

636 3820 863 3872 Servius.
898 3820 1088 3868 Creech.

629 3938 637 3947 .
704 3899 799 3946 675
836 3895 949 3944 Non
976 3894 1119 3944 nimio
1138 3893 1354 3957 incertis]
1387 3893 1475 3944 Sic
1503 3894 1698 3947 babent

630 3979 749 4022 ,tres
772 3970 861 4021 lib.
886 3983 1139 4020 manuscr.
1164 3977 1220 4018 et
1240 3970 1471 4019 Florent.
1495 3979 1549 4020 et
1572 3985 1696 4022 sane

639 4055 701 4096 ut
740 4048 813 4096 ita
853 4049 1077 4111 legatur,
1126 4045 1261 4094 ratio
1306 4047 1555 4108 postulat,
1600 4050 1697 4098 nisi

643 4121 754 4187 quis
778 4123 937 4180 dicat,
970 4120 1245 4184 legendnm
1283 4121 1407 4170 item
1440 4128 1498 4172 ιιι
1525 4139 1700 4188 supra,

632 4195 808 4258 ,divisa
842 4209 989 4250 voce,
1020 4196 1074 4243 ιἰι
1094 4195 1256 4257 certis,
1284 4201 1341 4244 et
1378 4197 1698 4252 retinendam

630 4272 908 4336 ,vulgatam
925 4271 1235 4335 scripturam
1247 4273 1416 4324 minus.
1456 4275 1583 4324 Cum
1600 4276 1698 4326 hoc

1326 418 1541 470 801·AE
1590 416 1990 468 vammum
2039 417 2120 466 m

1759 561 1877 610 loco
1899 559 2136 624 congruit
2155 558 2199 608 is
2217 556 2308 623 qni
2329 561 2412 608 est
2431 561 2481 608 6-
2497 558 2612 608 3⁵6.
2645 554 2662 583 ‘
2679 551 2822 606 Aue·

1758 643 2037 700 tumnoqne
2079 635 2240 700 magis
2283 634 2448 684 stellis
2492 631 2822 695 fulgentibus

1758 711 1868 759 alta
1890 709 2198 760 Concutitur
2219 708 2335 758 caeli
2364 707 2544 757 domus
2566 704 2825 770 undique,

1759 791 1972 849 totaque
1997 783 2187 834 tellus!
2219 782 2387 832 Lami».
2452 781 2568 830 Non
2585 780 2728 830 nimis
2747 779 2828 828 in·

1757 862 1915 912 certis.
1961 861 2050 911 Ita
2071 869 2177 912 vet.
2199 861 2424 925 quidam,
2443 872 2598 908 manu
2620 856 2828 906 formis·

1761 952 1861 1002 que
1898 937 2167 1000 descripti.
2239 933 2480 984 lamnis:
2516 933 2630 980 Νοιι
2663 931 2826 980 mim

1758 1013 1968 1062 incertis.
2002 1011 2179 1064 Gifan.
2263 1010 2397 1060 Haec
2435 1007 2618 1058 scribit
2657 1006 2824 1056 inter-

1764 1102 1902 1153 pres,
1935 1093 1950 1117 ‘
1971 1090 2108 1139 Sane
2130 1097 2190 1139 ut
2211 1087 2284 1138 ita
2304 1088 2508 1152 legatur
2544 1083 2680 1133 ratio
2705 1097 2825 1146 pos-

1761 1164 1928 1225 tulat;
1961 1164 2063 1213 nisi
2087 1163 2198 1228 quis
2219 1163 2380 1222 dicat,
2395 1158 2670 1224 legendnm
2683 1157 2824 1207 item

1761 1246 1822 1288 nt
1865 1255 2040 1302 supra,
2071 1239 2238 1288 divisa
2281 1251 2426 1301 voce,
2460 1236 2514 1286 in
2554 1235 2718 1292 certis,
2765 1241 2826 1284 et

1766 1315 2089 1365 retinendam
2155 1316 2418 1379 vulgatam
2484 1313 2826 1376 scripturam,

1763 1392 1951 1442 minus!
2017 1393 2110 1442 Bis
2127 1399 2296 1453 errat;
2319 1389 2504 1440 namsi
2527 1389 2603 1439 ita
2624 1389 2826 1452 legere-

1765 1473 1871 1531 tur,
1903 1468 2260 1531 gravissimum
2295 1467 2350 1516 in
2389 1480 2541 1516 versu
2579 1464 2828 1514 mendum

1765 1553 1933 1606 esset;
1954 1545 2028 1594 sic
2043 1546 2236 1610 quippe
2255 1543 2500 1594 baberet:
2537 1543 2654 1591 Νοιι
2668 1542 2828 1592 minas

1764 1623 1818 1672 ia
1839 1627 1982 1674 certis
1996 1623 2130 1689 fiunt
2147 1625 2361 1688 pertibus
2379 1623 2510 1674 ιιιιιιί.
2576 1622 2696 1672 Una
2719 1623 2826 1686 syl-

1765 1697 1900 1760 laba,
1951 1705 2009 1748 ut
2048 1699 2213 1761 vides,
2260 1699 2468 1749 brevior
2525 1703 2628 1748 est·
2669 1713 2824 1762 quam

1766 1777 2028 1836 oporteat.
2093 1774 2201 1824 Sed
2239 1775 2348 1824 inec
2379 1772 2588 1838 quidem
2625 1771 2826 1836 incogi-

1766 1849 1936 1898 tantia
1971 1855 2054 1900 est
2083 1850 2299 1900 bominis
2329 1849 2430 1898 alio
2469 1849 2828 1912 properantis.

1767 1924 1922 1976 Quod
1971 1931 2143 1974 autem
2202 1926 2278 1974 ait
2327 1924 2604 1974 lectionem
2662 1923 2827 1985 illam,

1768 2013 1921 2062 quam
1942 2000 2052 2063 ipse
2074 1999 2128 2048 in
2159 2015 2250 2049 suo
2273 2006 2542 2062 contextu,
2573 2005 2634 2048 ut
2655 2012 2750 2048 nos
2772 1998 2828 2046 in

1765 2080 1964 2137 nostro,
1980 2075 2228 2138 exhibuit,
2245 2089 2358 2125 eam
2375 2089 2490 2124 esse
2511 2089 2664 2140 qnam
2689 2075 2828 2124 ratio

1768 2151 2018 2212 postulet,
2051 2151 2103 2199 id
2131 2164 2334 2215 quoqne
2356 2149 2616 2214 ejusmodi·
2631 2156 2735 2209 est,
2767 2155 2830 2198 ιιι

1769 2225 1855 2273 vix
1895 2225 2133 2290 cuiqnam
2173 2227 2422 2276 credibile
2461 2226 2547 2289 sit,
2581 2225 2667 2288 qui
2702 2237 2827 2274 cnm

1769 2316 1894 2351 cura
1928 2303 2131 2366 legerit.
2191 2303 2530 2353 scribendum
2552 2302 2688 2351 enim
2711 2315 2840 2358 esse⁸

1767 2377 2059 2439 ostendam,
2095 2380 2205 2428 Non
2226 2379 2383 2428 utinm
2411 2378 2511 2428 hoec
2529 2377 2675 2428 certis
2691 2377 2829 2443 fiunt

1767 2453 1822 2502 ιἰι
1855 2454 2072 2518 partibus
2103 2455 2235 2504 anni.
2299 2454 2475 2524 Antea
2497 2455 2702 2504 dixerat
2723 2455 2828 2504 Lu-

1768 2530 1982 2593 cretius,
2032 2531 2245 2580 Miraris
2284 2529 2478 2594 ,quod‘
2510 2538 2614 2579 tam
2679 2537 2829 2580 certo

1767 2614 2008 2670 tempore
2031 2607 2176 2672 ignes
2199 2605 2462 2658 confluere
2483 2606 2682 2670 possint
2697 2621 2714 2668 ς
2731 2620 2828 2657 cur

1766 2688 1821 2737 id
1859 2688 2020 2739 facias
2058 2690 2201 2738 nulla
2242 2688 2483 2752 equidem
2532 2701 2689 2737 causa
2721 2691 2828 2745 est,

1771 2778 1888 2813 cum
1925 2770 2005 2814 tot
2046 2779 2130 2814 res
2169 2763 2298 2814 alias
2321 2769 2467 2814 certo
2489 2762 2672 2812 itidem
2696 2770 2827 2812 tem·

1771 2854 1899 2902 pore
1920 2838 2032 2888 fieri
2052 2854 2270 2902 cernas,
2287 2842 2386 2890 dcc.
2416 2846 2680 2904 postremo
2702 2838 2832 2888 nim·

1769 2914 1839 2975 bi,
1862 2914 2095 2976 fulmina,
2119 2915 2413 2980 grandines,
2434 2915 2598 2977 venti,
2619 2919 2719 2966 ὅτε.
2739 2915 2832 2964 ins

1767 2989 1941 3038 omnia
1974 3004 2077 3038 non
2109 2990 2278 3044 minus
2314 2991 2369 3039 in
2392 2991 2550 3040 certis
2587 2989 2829 3053 partibus

1770 3064 1888 3112 anni
1909 3062 2071 3124 fiunt;
2106 3079 2222 3128 quse
2262 3070 2320 3114 tu
2359 3072 2532 3116 tamen
2555 3069 2830 3128 tantopere

1769 3137 2026 3188 mirabilia
2069 3153 2331 3202 nunquam
2374 3139 2584 3190 duxisti.
2648 3140 2665 3167 ‘
2710 3139 2831 3190 Nec

1769 3221 1946 3264 tamen
1968 3215 2096 3265 illud
2119 3216 2172 3264 in
2192 3215 2268 3264 his
2289 3215 2447 3265 rebus
2468 3213 2704 3264 mirabile
2740 3214 2832 3263 de-

1772 3289 1864 3339 bet
1886 3291 2030 3352 Esse,
2067 3289 2202 3356 quod
2225 3291 2336 3340 haeo
2373 3290 2506 3354 ignis
2539 3295 2642 3340 tam
2679 3297 2833 3340 certo

1771 3375 2005 3431 tempore
2029 3369 2231 3432 possint
2246 3369 2457 3418 Semina
2475 3367 2753 3433 confluere,
2773 3374 2832 3420 et

1771 3443 1892 3492 solis
1927 3458 2174 3508 reparare
2209 3444 2430 3494 nitorem
2447 3464 2463 3507 ;
2493 3445 2667 3494 Multa
2687 3445 2833 3494 vide·

1770 3533 1884 3568 mus
1917 3519 2076 3582 enim,
2112 3527 2258 3569 certo
2301 3526 2674 3584 qum-tempore
2696 3518 2833 3570 fiunt

1773 3594 2028 3645 Omnibus
2051 3597 2102 3646 in
2135 3596 2306 3660 rebus,
2342 3595 2616 3663 (exempl.)
2649 3593 2832 3646 flores-

1771 3677 1898 3720 cunt
1920 3679 2154 3734 tempore
2177 3679 2322 3720 certo
2336 3671 2590 3734 Arbusta,
2611 3678 2666 3720 et
2681 3679 2832 3722 certo

1773 3745 2054 3796 demittunt
2075 3752 2308 3810 tempore
2328 3741 2528 3799 florem.
2561 3765 2568 3774 ·
2595 3747 2712 3798 Nec
2735 3749 2834 3798 mi·

1771 3835 1866 3869 nus
1901 3820 1955 3871 in
1991 3828 2136 3871 certo
2173 3823 2359 3872 dentes
2393 3823 2586 3872 cadere
2609 3822 2835 3886 imperat

1773 3901 1900 3948 aetas
1938 3897 2214 3960 Tempore,
2252 3902 2352 3946 διο.
2441 3898 2681 3948 Fulmina
2715 3912 2836 3962 pos-

1773 3977 1956 4034 tremo,
2004 3973 2114 4033 nix,
2157 3973 2368 4035 imbres,
2421 3973 2618 4035 nubila,
2667 3976 2834 4035 venti,

1774 4047 1892 4095 Non
1914 4046 2079 4096 minus
2101 4048 2213 4096 baec
2235 4048 2396 4098 certis
2429 4047 2563 4097 finnt
2596 4049 2648 4096 in
2672 4051 2833 4112 parti-

1772 4120 1867 4170 bus
1903 4121 2057 4171 anni.’
2137 4122 2307 4187 quue
2345 4130 2404 4173 ιιι
2442 4124 2736 4188 planissime
2775 4132 2834 4175 et

1769 4194 2197 4259 ἀναμφισβητήτως
2234 4197 2440 4261 probet,
2483 4198 2652 4261 addit,
2692 4201 2835 4265 quod

1773 4271 1838 4322 ad
1862 4271 2304 4325 confirmationem
2333 4275 2712 4350 emendationis
2743 4290 2835 4331 nu·
