3200 4959
600 382 882 481 1654,

512 526 515 531 ¹
602 544 709 589 tam
727 538 835 587 alte
844 534 1019 589 efflata
1038 544 1094 586 et
1110 536 1315 587 sublata
1330 540 1660 595 evomantur3

596 622 741 675 nam,
775 612 964 676 inquit,
1000 612 1054 661 in
1098 626 1295 661 summo
1317 610 1511 660 vertice
1542 614 1664 658 sunt

602 696 857 749 crateres,
896 689 994 736 διο.
1030 688 1094 736 In
1128 702 1305 735 summo
1338 692 1450 735 sunt
1489 686 1664 735 vertice

602 764 746 824 enim,
766 766 849 826 Spe.
884 769 939 812 et
973 760 1167 812 frustra
1203 776 1321 812 cum
1360 761 1528 811 Fabro
1548 761 1666 809 itm

603 836 874 902 praeferas,
910 850 1065 901 quum
1104 850 1203 885 non
1241 851 1424 886 novam
1460 834 1666 885 adferat

602 914 855 961 rationem
898 910 1067 975 poeta,
1112 910 1205 960 sed
1248 910 1525 961 concludat
1562 911 1666 959 isto

600 987 727 1039 euim
764 988 903 1037 illam
938 1001 1092 1049 quam
1112 986 1291 1035 multis
1313 986 1551 1049 superius
1574 984 1666 1035 ad-

602 1069 883 1113 struxerat.
916 1062 1048 1112 Han.

668 1144 765 1190 703
798 1138 923 1189 Sunt
960 1139 1139 1202 aliquot
1175 1137 1377 1201 quoque]
1424 1138 1509 1187 Ne
1549 1138 1664 1202 quis

602 1215 839 1277 miretur,
858 1228 937 1263 me
962 1216 1147 1263 multas
1168 1214 1347 1263 horum
1371 1212 1563 1276 ignium
1584 1227 1665 1261 ra·

602 1292 773 1340 tiones
791 1288 1001 1352 afferre,
1014 1290 1161 1354 quasi
1182 1289 1395 1339 dubium
1414 1297 1568 1352 atque
1590 1290 1667 1337 in·

602 1372 827 1427 certum,
863 1370 985 1413 sunt
1022 1364 1222 1427 aliquot
1243 1363 1400 1413 etiam
1422 1378 1523 1424 res,
1543 1378 1666 1427 qua·

601 1454 715 1491 tum
739 1456 890 1489 innam
914 1454 1116 1489 causam
1150 1436 1334 1489 afferre
1358 1454 1457 1488 uon
1480 1445 1561 1488 est
1582 1454 1665 1487 sa-

600 1514 690 1577 tis,
708 1515 801 1564 sed
827 1516 997 1579 plures
1020 1512 1295 1564 afferendae
1318 1521 1459 1575 sunt,
1474 1528 1538 1563 ex
1558 1514 1666 1577 qui·

603 1589 698 1642 bus
724 1596 897 1638 tamen
922 1590 1077 1640 unica
1096 1604 1253 1639 causa
1270 1590 1373 1639 sit:
1406 1589 1565 1653 idque
1587 1603 1666 1637 os-

604 1663 777 1715 tendit
800 1680 831 1713 a
851 1665 1021 1713 simili.
1054 1665 1222 1717 Lamo.

668 1743 765 1789 ’107
802 1740 1009 1789 Dicatur
1046 1745 1099 1789 ut
1136 1739 1271 1789 illius
1305 1738 1423 1799 una]
1458 1740 1503 1790 1.
1534 1754 1581 1787 e.
1607 1745 1666 1789 ut

603 1828 757 1867 causa
779 1814 917 1864 illius
939 1816 1054 1876 leti,
1091 1829 1193 1879 quo
1225 1814 1375 1863 homo
1396 1814 1481 1863 ille
1502 1815 1665 1863 inter-

601 1894 683 1951 iit,
723 1907 838 1957 quse
865 1906 966 1941 uua
986 1898 1089 1953 est,
1124 1892 1228 1941 dici
1263 1893 1443 1956 possit.
1478 1890 1668 1941 doctus

602 1969 811 2033 quidam
848 1968 1118 2031 legendum
1156 1975 1329 2031 putat,
1367 1968 1575 2017 Dicatur
1610 1974 1666 2017 ut

601 2045 735 2095 itlius
754 2060 882 2095 vero.
917 2045 1096 2095 Lamb.
1138 2045 1290 2095 Lethi
1316 2044 1535 2094 scilicet.
1570 2044 1664 2094 Fa-

666 2200 765 2246 ⁷08
798 2196 931 2245 Nam
952 2187 1099 2260 nedae
1118 2212 1221 2247 eum
1230 2196 1393 2259 ferro]
1440 2197 1527 2246 Ita
1546 2210 1666 2246 con·

575 2277 803 2321 -stanter
823 2272 953 2320 Mss.
975 2271 1351 2335 probatissimi3
1368 2272 1503 2337 quod
1518 2273 1569 2320 in
1586 2287 1666 2321 ue-

599 2362 687 2411 qne
716 2360 824 2395 cum
861 2353 1143 2409 mutarunt,
1172 2349 1261 2412 qui
1295 2355 1541 2412 putarunt
1562 2363 1666 2398 eum

600 2422 725 2486 poni
748 2436 850 2471 non
889 2437 1057 2486 posse,
1088 2424 1178 2472 ubi
1217 2424 1280 2471 de
1304 2438 1519 2487 corpore
1542 2439 1666 2487 aga·

601 2504 709 2557 tur,
732 2498 879 2562 qua‘si
904 2512 1026 2546 vero
1045 2512 1147 2547 uon
1165 2500 1355 2561 saepius
1378 2513 1539 2561 genus
1558 2514 1665 2547 mu-

602 2582 721 2623 tent
744 2579 1001 2630 auctores,
1038 2581 1197 2637 atque
1232 2588 1380 2637 aeque
1420 2574 1487 2623 ad
1517 2574 1533 2602 ⁸
1554 2575 1662 2625 Ho-

598 2648 779 2699 minis’
814 2664 888 2699 vs.
927 2653 1042 2699 ⁷06.
1088 2664 1239 2714 quam
1276 2650 1293 2677 ‘
1314 2650 1553 2714 Corpus,’
1586 2666 1661 2700 vs.

601 2731 717 2777 ⁷05.
751 2726 937 2775 referri
965 2726 1147 2789 possit.
1184 2726 1316 2775 Hae.

666 2806 763 2851 ⁷10
795 2801 966 2851 Verum
978 2802 1158 2864 aliquid
1176 2816 1347 2863 genere
1362 2816 1461 2850 esse
1481 2816 1541 2851 ex
1562 2802 1666 2865 hoc,

598 2879 719 2939 quod
740 2876 913 2937 contio,
931 2876 1037 2938 ξω]
1084 2876 1169 2926 Ita
1190 2890 1255 2926 ex
1282 2884 1389 2925 vet.
1408 2877 1552 2925 libris
1574 2892 1662 2925 no·

599 2952 741 3013 stris,
762 2958 816 2999 et
838 2951 953 2999 aliis
978 2952 1198 3000 restitui.
1253 2951 1409 3014 Vulg.
1434 2957 1487 3000 et
1510 2953 1662 3001 Lam·-

598 3025 783 3075 binus:
816 3028 997 3075 credat.
1066 3025 1288 3077 Quidam
1315 3033 1421 3075 vet.
1444 3027 1553 3088 iter,
1575 3028 1663 3077 ito.

541 3128 551 3135 κ
600 3100 778 3152 Gifan.
842 3102 1063 3151 Secutus
1087 3115 1227 3150 eram
1253 3101 1405 3151 initio
1428 3102 1547 3151 cod.
1570 3104 1663 3151 ali-

598 3186 727 3242 quot
750 3179 1005 3241 vulgatoS,
1028 3177 1349 3241 quiliabent,
1376 3178 1547 3228 Verum
1568 3194 1665 3228 esse

596 3268 841 3315 exgenere
854 3254 939 3303 Ιιοσ
950 3254 1151 3317 aliquid,
1165 3257 1288 3317 quod
1302 3255 1457 3303 contio
1473 3258 1636 3304 credat
1645 3272 1662 3304 .·

596 3325 841 3392 idemque
862 3329 1143 3380 iudicaram
1178 3330 1443 3393 ingenioso
1480 3331 1663 3379 lectori

598 3406 934 3466 scripturam,
957 3420 1072 3467 quae
1093 3407 1355 3467 reperitur
1377 3406 1426 3453 in
1446 3413 1664 3469 quatuor

597 3494 853 3537 manuscr.
919 3493 1037 3527 cum
1091 3479 1279 3543 quibus
1332 3482 1664 3532 consentiunt

598 3556 738 3618 vulg.
760 3556 952 3603 Veneti
974 3555 1135 3618 antiq.
1161 3564 1217 3603 et
1241 3556 1525 3606 Parisiens.
1570 3558 1660 3608 Ve-

596 3644 705 3677 rum
742 3629 925 3692 aliquid
960 3644 1133 3689 genere
1167 3645 1267 3679 esse
1300 3646 1360 3679 ex
1398 3632 1499 3692 hoc,
1539 3636 1662 3695 quod

594 3706 752 3754 contio
782 3707 929 3754 dicat.
964 3707 1095 3758 hanc
1116 3706 1273 3769 igitur
1296 3720 1661 3771 nuncsequor.

595 3780 743 3829 Idem
790 3780 1174 3841 admonueram,
1216 3781 1447 3830 codicem
1491 3784 1658 3833 Mern-

594 3858 819 3908 mianum
844 3871 1098 3905 manuscr.
1122 3856 1195 3905 sic
1228 3855 1439 3917 habere,
1486 3859 1659 3910 Verum

587 3948 761 3995 genere
780 3933 964 3995 aliquid
984 3948 1083 3982 esse
1102 3947 1165 3981 ex
1180 3934 1265 3981 hoc
1278 3933 1515 3983 coutioito.
1540 3950 1656 3997 quae

590 4010 855 4071 scriptura
878 4010 1002 4073 quid
1035 4010 1134 4058 sibi
1174 4011 1323 4070 velit,
1360 4026 1461 4059 uon
1486 4010 1654 4061 video.

592 4084 820 4133 Omnino
844 4087 895 4134 in
919 4087 1017 4135 hoc
1042 4087 1157 4135 loco
1180 4086 1419 4135 mendum
1444 4086 1654 4135 subesse

590 4161 841 4222 auspicor.
875 4161 1042 4209 Lamb.
1087 4160 1315 4211 Omnino
1340 4176 1461 4211 vera
1480 4162 1654 4211 Vossii

590 4237 881 4291 emendatio
921 4245 1036 4287 est:
1072 4252 1186 4302 quae
1228 4236 1409 4287 harum
1449 4252 1650 4301 vocum,

1290 392 1507 443 NOTAE
1555 386 1962 441 vammum
2013 388 2092 439 m

1735 532 1890 581 inane
1913 530 2092 581 nescio
2111 527 2235 595 quid
2251 528 2563 591 sonantium,
2585 529 2702 579 loco
2723 525 2814 577 rei

1737 606 1916 669 ponit:
1939 608 2060 670 qaod
2081 605 2287 667 contigit
2309 606 2391 667 qy‘i.
2457 605 2706 655 Nondum
2727 612 2802 653 ta-

1735 697 1873 744 men,
1913 681 2034 747 quid
2059 681 2153 731 sibi
2177 696 2277 731 vox
2299 686 2478 743 utrum,
2501 695 2600 744 pro
2621 695 2804 739 emsa,

1737 771 1924 820 nempe
1946 759 1996 807 in
2022 771 2202 807 versus
2225 757 2478 821 principio
2499 757 2651 819 velit,
2679 756 2802 804 mihi

1737 835 1919 899 liquet.
1987 833 2269 895 Caeterum,
2299 832 2420 883 dum
2455 832 2575 883 hnic
2613 831 2804 881 intenti

1738 908 2013 968 versiculo,
2045 909 2098 957 in
2121 923 2286 973 eoque
2309 908 2540 957 sanando
2561 908 2663 957 toti
2685 914 2804 957 sunt

1737 985 1837 1033 viri
1862 984 2026 1046 docti,
2051 984 2102 1032 in
2137 984 2394 1049 sequenti,
2427 983 2669 1044 habemus,
2709 992 2816 1045 pro‘

1737 1076 1944 1123 avemus,
1973 1061 2267 1123 irrepsisse,
2297 1075 2399 1109 non
2421 1060 2804 1109 animadverte·-

1739 1142 1878 1185 ruut.
1957 1135 2196 1185 Lambini
2231 1141 2379 1185 certe
2417 1136 2652 1199 requiras
2688 1135 2803 1183 dili—

1739 1210 1989 1273 gentiam,
2025 1210 2114 1273 qui
2146 1209 2215 1257 de
2237 1208 2418 1257 eodem
2442 1210 2542 1258 hoc
2566 1208 2728 1258 verbo
2749 1224 2804 1257 a·

1737 1284 1830 1333 lias
1853 1284 1986 1334 haud
2011 1285 2141 1333 male
2165 1284 2378 1333 meritus
2403 1290 2501 1334 est.
2541 1284 2688 1347 Lego
2714 1284 2808 1332 ita-

1737 1376 1857 1426 que,
1897 1363 2068 1412 Verum
2103 1362 2282 1424 aliquid
2312 1376 2486 1423 genere
2503 1376 2602 1411 esse
2621 1376 2686 1411 ex
2705 1362 2809 1421 hoe,

1737 1440 1856 1502 quod
1875 1438 2080 1500 contigit
2116 1438 2197 1501 eii,
2229 1436 2433 1499 Scimus,
2469 1443 2516 1485 et
2549 1439 2607 1487 in
2635 1437 2808 1486 mltis

1738 1516 1822 1563 hoc
1843 1516 1981 1564 rebus
2007 1516 2160 1563 dicere
2195 1528 2398 1562 cernuas.
2467 1514 2542 1562 Ut
2581 1514 2651 1563 sit
2691 1527 2808 1563 sen·

1739 1605 1856 1639 sus:
1891 1590 2100 1649 scimus,
2125 1604 2185 1637 ac
2208 1589 2451 1655 lubenter
2475 1589 2651 1638 dicere
2673 1590 2812 1637 sole·

1738 1680 1871 1726 mus,
1898 1666 1952 1714 id
1992 1665 2128 1729 quod
2161 1666 2210 1714 ei
2239 1666 2478 1728 contigit,
2509 1664 2811 1728 hujusmodi

1741 1741 1883 1804 quid,
1920 1748 2010 1791 aut
2033 1755 2098 1789 ex
2120 1741 2220 1790 boc
2243 1755 2434 1803 genere
2457 1742 2640 1791 saltem
2665 1754 2808 1789 esse.

1742 1818 1960 1879 Contigit
1982 1816 2064 1877 οἳ,
2086 1832 2228 1865 more
2255 1818 2584 1867 Lucretiano.
2626 1816 2816 1881 Atque

1739 1894 1814 1942 ita
1836 1908 1986 1957 quam
2022 1894 2258 1955 proxime
2291 1892 2358 1940 ad
2382 1901 2614 1941 veterem
2639 1894 2810 1955 scrip-

1740 1976 1910 2019 turam
1933 1969 2250 2029 accedimus,
2289 1984 2404 2032 quae
2434 1969 2574 2031 apud
2599 1969 2810 2017 Lambi-

1739 2058 1894 2095 num:
1927 2045 2081 2094 contio
2115 2045 2203 2107 ito,
2241 2044 2380 2107 apud
2421 2043 2810 2093 Londinenses:

1738 2121 1894 2170 contio
1932 2120 2035 2184 ieet,
2070 2120 2303 2184 adeoque
2343 2121 2566 2183 vestigia
2599 2136 2809 2183 vocum,

1738 2198 1984 2259 configite,
2017 2202 2073 2246 et
2094 2196 2358 2258 contigitei,
2383 2194 2562 2246 refert.
2625 2196 2641 2221 ‘
2661 2196 2808 2246 Ave-

1741 2271 1886 2335 mus,’
1922 2277 1980 2319 ut
2018 2270 2130 2320 Cic.
2158 2275 2204 2322 1.
2229 2268 2338 2321 Off.
2363 2286 2476 2334 cap.
2499 2276 2545 2320 4.
2579 2270 2811 2334 ‘Itaque

1740 2362 1858 2398 cum
1880 2360 2052 2395 sumus
2077 2346 2380 2399 necessariis
2404 2346 2630 2409 negotii-s
2648 2349 2813 2396 curis·

1741 2438 1842 2487 que
1859 2422 2028 2483 vacui,
2039 2430 2151 2471 tum
2167 2436 2377 2471 avemus
2395 2422 2584 2487 aliquid
2608 2422 2814 2485 videre,

1742 2498 1941 2557 audire,
1961 2498 2273 2548 addiscere?
2307 2500 2476 2561 Preig.
2539 2500 2595 2549 Si
2625 2500 2674 2548 in
2697 2515 2813 2553 con·

1739 2576 1812 2623 cio
1832 2574 1936 2636 ital,
1959 2575 2094 2637 quod
2121 2576 2176 2623 in
2191 2576 2340 2625 Voss.
2363 2578 2420 2625 L.
2443 2576 2508 2625 B.
2529 2582 2628 2637 est,
2645 2592 2690 2625 c.
2710 2578 2810 2625 od.

1741 2658 1905 2699 mutes
1927 2651 1978 2697 in
2001 2656 2038 2700 t.
2059 2665 2112 2712 g.
2131 2651 2167 2699 i.
2195 2653 2273 2699 vel
2297 2652 2353 2699 in
2374 2651 2526 2701 contio
2542 2652 2632 2713 ite,
2663 2652 2806 2715 quod

1739 2726 1789 2773 in
1812 2727 1962 2775 Voss.
1988 2735 2092 2776 vet.
2115 2733 2213 2788 est,
2234 2734 2401 2777 mutes
2423 2744 2450 2775 o
2475 2728 2526 2776 in
2551 2742 2605 2789 g.
2629 2735 2684 2777 et
2709 2727 2730 2775 z·
2751 2728 2813 2777 in⁴

1738 2800 1843 2848 fine
1882 2798 2060 2862 addas,
2097 2802 2252 2851 habes
2295 2813 2466 2853 veram
2504 2804 2808 2853 lectionem.

1740 2877 1982 2925 Habemus
2000 2878 2176 2939 dicere,
2211 2878 2246 2926 i.
2281 2892 2328 2927 e.
2367 2878 2604 2939 dicimuS,
2627 2880 2812 2929 dicere

1740 2954 1981 3003 solemus.
2036 2951 2188 3002 Conf.
2212 2957 2261 3001 1.
2286 2958 2432 3003 1068.
2453 2958 2503 3003 6.
2529 2958 2646 3003 899.
2673 2955 2812 3004 Hae.

1803 3034 1901 3080 ⁷1⁰
1951 3030 2146 3093 Contio]
2195 3032 2389 3092 Turba,
2427 3047 2543 3096 quae
2583 3033 2808 3082 circum-

1739 3111 1866 3163 stat,
1898 3111 1954 3155 et
1975 3120 2092 3169 quae
2117 3105 2182 3155 ad
2208 3106 2518 3157 audiendum
2543 3108 2810 3158 convenit.

1739 3181 1906 3232 Lamb.

1803 3261 1900 3305 ⁷12
1937 3258 2078 3305 Nilus
2100 3258 2151 3306 in
2169 3257 2356 3320 edati]
2403 3258 2562 3309 Nunc
2587 3273 2685 3308 cur
2711 3261 2758 3319 N
2766 3260 2809 3309 i·

1740 3333 1818 3381 lus
1841 3333 1890 3381 iu
1917 3337 2099 3381 aestate
2122 3340 2351 3394 crescat;
2377 3348 2480 3398 qua
2496 3334 2563 3383 de
2581 3349 2637 3383 re
2663 3348 2818 3398 saepe·

1739 3411 2016 3473 quaesitum
2052 3417 2134 3459 est
2156 3409 2222 3459 ab
2244 3410 2511 3475 antiquis:
2549 3419 2605 3461 et
2635 3412 2808 3461 Hero-

1739 3485 1891 3535 dotus
1931 3486 2058 3535 treis
2087 3487 2410 3552 antiquorum
2433 3488 2704 3551 opiniones
2729 3503 2814 3537 re-

1737 3560 1863 3624 fert,
1899 3576 2089 3626 easque
2127 3561 2347 3611 refellit:
2383 3577 2599 3627 quarum
2641 3564 2810 3627 prima

1737 3646 1818 3688 est
1849 3655 1934 3703 ea,
1969 3654 2084 3703 quae
2113 3641 2168 3689 in
2202 3642 2406 3691 Etesias
2439 3656 2648 3691 causam
2679 3656 2811 3691 con-

1735 3713 1870 3764 fert:
1907 3717 2154 3777 secunda,
2173 3731 2289 3781 quae
2313 3718 2368 3765 in
2389 3732 2672 3767 oceanum:
2697 3726 2810 3769 ter-

1737 3790 1830 3851 tia,
1867 3806 1982 3853 quae
2006 3791 2058 3840 in
2083 3792 2245 3841 niveis
2268 3791 2580 3856 liquefactas
2603 3808 2618 3843 z
2651 3809 2806 3858 quar·

1733 3871 1838 3913 tam
1861 3863 2013 3914 affert
2037 3880 2198 3928 suam,
2241 3882 2343 3931 qua
2366 3868 2527 3917 solem
2553 3868 2667 3917 vult
2689 3883 2808 3918 esse

1732 3951 1940 3987 causam
1963 3938 2276 4001 efficientem
2299 3942 2447 4005 hujus
2468 3942 2810 4007 incrementi,

1732 4028 1918 4076 nempe
1959 4016 2079 4079 quia
2119 4016 2194 4063 soi
2239 4018 2432 4065 brumae
2475 4022 2710 4079 tempore
2747 4019 2806 4067 in

1731 4090 1910 4153 Libyae
1949 4090 2186 4152 partibus
2219 4101 2430 4140 cursum
2465 4106 2616 4144 suum
2643 4092 2808 4141 confi·

1729 4165 1889 4226 ciens,
1921 4166 2138 4215 multum
2161 4164 2227 4214 ad
2251 4180 2307 4214 se
2330 4166 2596 4215 humorem
2615 4181 2648 4214 e
2671 4168 2718 4215 N
2725 4168 2805 4217 iio

1729 4240 1987 4301 attrahat3
2007 4248 2164 4309 atque
2180 4240 2376 4291 iccirco
2391 4240 2542 4303 Nilus
2555 4240 2658 4291 hoc
2675 4248 2814 4291 tem·
