3200 4959
660 425 836 500 165⁰

667 588 912 654 gendum,
930 601 1068 650 non,
1103 592 1164 637 ut
1185 586 1356 652 vulgo,
1381 587 1446 636 Et
1469 591 1722 651 tempesta·

667 672 739 718 tes
757 668 947 732 pluvia.
982 664 1165 715 Lamb-

737 743 970 792 Graviore
991 746 1150 790 coortu
1169 739 1318 804 Sunt]
1353 740 1396 792 1.
1421 755 1472 791 e.
1501 741 1725 804 majores

666 825 723 867 et
745 818 1008 880 graviores
1041 823 1179 881 sunt,
1211 831 1304 866 seu
1335 817 1534 881 majore
1573 817 1727 880 copis

669 893 884 942 eadunt.
918 892 1084 941 Lomb.

729 972 830 1018 672
881 968 1182 1031 Tetulmnt]
1215 968 1432 1020 Secutus
1462 983 1572 1019 sum
1605 967 1723 1019 eod.

665 1043 942 1093 Parisiens.
989 1044 1334 1106 Florentinos,
1368 1045 1725 1106 Basilienseis,

670 1120 902 1170 Venetos
923 1126 1186 1184 utrosque,
1207 1119 1594 1183 Lugdunenseis
1616 1135 1723 1168 ma-

655 1195 831 1260 jores:
864 1209 980 1246 nam
1005 1196 1228 1245 minores
1267 1196 1510 1246 mendose
1533 1196 1725 1245 habent

665 1274 960 1321 retulerunt.-
993 1263 1329 1336 manuscripti
1370 1279 1539 1322 autem
1563 1272 1721 1321 etiam

665 1355 911 1412 corrupte
965 1350 1252 1398 detulerunt.
1329 1349 1450 1400 Jum
1502 1349 1517 1376 ‘
1537 1346 1721 1398 tetuli’

666 1439 763 1488 pro
783 1425 879 1473 tuli
903 1425 1191 1490 antiquum,
1212 1439 1314 1489 quo
1337 1433 1394 1474 et
1412 1427 1533 1475 Ter.
1557 1424 1724 1474 utitur

665 1500 868 1550 Andria
881 1505 931 1550 4.
957 1506 1006 1550 6.
1033 1507 1114 1551 13.
1134 1503 1150 1529 ⁸
1171 1502 1307 1552 Nam
1329 1502 1472 1566 polsi
1495 1501 1725 1563 scissem,

663 1591 939 1641 numquam
961 1577 1061 1626 huc
1095 1579 1382 1627 tetulissem
1419 1579 1637 1640 pedem!
1669 1583 1725 1628 et

664 1651 844 1702 Plaut.
866 1652 1095 1701 Mostell.
1135 1657 1186 1701 2.
1214 1656 1261 1701 2.
1299 1657 1381 1703 39.
1415 1656 1431 1682 ‘
1452 1654 1587 1705 Quia
1608 1667 1722 1718 sep-

665 1734 774 1776 tem
794 1740 994 1775 meuses
1015 1734 1156 1788 sunt,
1178 1742 1293 1777 eum
1315 1729 1366 1776 in
1387 1729 1540 1778 hasce
1563 1729 1725 1778 aedeis

664 1801 854 1866 pedem
882 1802 1048 1851 Nemo
1073 1803 1210 1852 intro
1250 1804 1449 1865 tetulit,
1482 1805 1641 1853 semel
1666 1811 1724 1854 ut

662 1878 1062 1942 emigravimus.’
1096 1880 1260 1929 Lamb-
1343 1879 1498 1928 Locis
1520 1893 1550 1928 a
1571 1879 1722 1928 Lam-

664 1955 792 2006 bino
845 1955 1082 2004 adductis
1136 1955 1236 2004 alia
1291 1953 1411 2004 addi
1469 1962 1721 2018 possunt3

661 2031 844 2082 Plaut.
862 2032 912 2080 in
938 2031 1071 2080 Rud.
1096 2036 1147 2080 4.
1167 2036 1214 2080 1.
1237 2034 1283 2079 2.
1317 2037 1333 2060 ‘
1349 2031 1520 2080 Hodie
1539 2046 1625 2080 me
1646 2031 1723 2080 his

663 2107 982 2157 mulierculis
1029 2107 1288 2156 'retulisse
1337 2107 1616 2156 auxilium?
1666 2115 1723 2158 et

665 2183 976 2234 Menoeehm.
1017 2187 1068 2232 4.
1109 2187 1188 2232 22.
1231 2186 1314 2232 21.
1348 2182 1723 2232 ‘conditiones

664 2261 846 2310 'retuli
902 2266 1080 2324 tortas,
1146 2260 1513 2324 confragosas!
1609 2263 1724 2310 Nec

665 2336 858 2386 scenici
883 2338 1042 2385 solum
1075 2336 1244 2399 poetoe
1283 2336 1469 2401 (verba
1492 2345 1612 2387 sunt
1632 2337 1668 2388 J
1674 2353 1721 2388 o.

665 2409 794 2459 Ger.
816 2411 966 2459 Voss.
988 2410 1056 2458 de
1083 2410 1240 2458 Anal.
1269 2415 1318 2459 8.
1359 2425 1475 2474 cap.
1510 2411 1617 2474 3⁷.)
1649 2412 1722 2462 sic

660 2487 847 2547 locuti,
887 2486 978 2534 sed
1023 2487 1176 2534 etiam
1218 2485 1471 2536 Catullus.
1547 2487 1724 2535 Chari-

663 2560 770 2609 sius
807 2560 944 2608 enim
983 2560 1113 2609 citat
1146 2574 1211 2608 ex
1247 2560 1468 2609 carmine
1509 2561 1623 2624 ejus
1658 2563 1725 2610 de

663 2636 828 2697 Vene,
848 2636 982 2700 quod
1021 2635 1244 2698 deperiit
1277 2634 1417 2701 (nam
1457 2637 1510 2684 in
1541 2637 1722 2686 Pervi-

663 2712 786 2775 gilio
807 2726 910 2760 non
943 2719 1115 2761 exstat
1147 2711 1190 2760 is
1214 2711 1382 2774 loeus)
1413 2713 1429 2740 ‘
1448 2713 1721 2762 concitum

659 2787 812 2836 tetuli
844 2787 1095 2850 gradum!
1158 2787 1310 2836 Unde
1347 2794 1492 2837 recte
1517 2789 1723 2838 Pierius

661 2863 864 2925 colligit
907 2871 1090 2911 contra
1129 2863 1416 2923 nonnullos,
1451 2862 1636 2912 Latine
1670 2878 1723 2912 e·

665 2937 794 2987 tiam
851 2937 951 2986 dici
1007 2939 1022 2966 ‘
1049 2936 1186 2987 ferre
1242 2937 1494 3000 gradum!
1582 2938 1721 2988 Quid

663 3029 803 3078 nunc
835 3014 1026 3077 Epicos
1066 3013 1267 3062 dicam?
1302 3014 1451 3063 Ennii
1473 3015 1609 3062 enim
1644 3022 1723 3065 est

655 3093 717 3139 ·1.
759 3089 946 3138 Annal.
993 3104 1044 3154 p.
1093 3094 1172 3140 13.
1238 3089 1372 3138 ‘Ilia
1415 3089 1501 3138 dia
1541 3104 1722 3153 nepos,

663 3180 796 3230 quas
815 3180 1066 3215 aerumnas
1102 3164 1370 3216 tetulistil'
1411 3166 1724 3228 Sueviiquo-

649 3257 766 3309 ·que
782 3243 918 3306 apud
936 3242 1254 3292 Macrobium
1271 3243 1377 3292 Sat.
1399 3245 1446 3290 3.
1461 3245 1544 3290 28.
1569 3242 1584 3268 ‘
1605 3255 1725 3290 cnm

663 3334 786 3382 rege
859 3319 1080 3386 potenti,
1142 3319 1368 3368 Nomine
1422 3317 1723 3366 Alexandro

661 3395 882 3457 Magno,
910 3392 1228 3457 fera-praelia
1255 3393 1395 3442 bello
1434 3392 1496 3441 In
1531 3393 1721 3442 Persas

663 3471 893 3518 tetulere
919 3468 1198 3518 suo.’1ta
1236 3469 1367 3516 enim
1404 3467 1474 3516 ibi
1505 3469 1607 3530 legi
1638 3469 1723 3531 ju·

663 3543 759 3594 bet
777 3543 992 3592 Vossius
1015 3541 1170 3604 idem,
1195 3557 1302 3590 non
1337 3545 1420 3606 (ut
1449 3543 1628 3608 vulgo)
1647 3558 1723 3592 re·

665 3619 836 3666 tulere.
877 3617 1013 3666 Hav.

725 3697 824 3742 673
854 3695 924 3743 At
949 3693 1094 3743 nimis
1115 3697 1186 3742 est
1207 3693 1396 3755 ingens,
1415 3695 1495 3750 «irc.
1501 3694 1523 3756 ]
1551 3693 1722 3744 Oeon-

645 3767 816 3830 ‹patio
838 3775 918 3817 est
937 3768 1262 3831 objectionis.
1296 3768 1463 3818 Lamb-

731 3847 970 3909 Incendii]
1002 3845 1149 3893 Alias
1177 3845 1381 3905 incendi,
1418 3845 1543 3893 alias
1563 3845 1722 3894 incen-

663 3925 767 3973 dii.-
801 3921 948 3986 quod
1000 3927 1172 3968 tamen
1217 3920 1607 3983 intelligendum
1640 3930 1725 3971 est

662 4013 758 4062 pro
783 3996 1051 4061 trisyllabo
1070 3997 1276 4044 incendi
1293 3999 1540 4058 posituim
1553 3997 1721 4046 Lamb.

699 4079 825 4124 -uu
859 4073 1051 4122 Scilicet
1085 4077 1130 4122 et
1157 4072 1364 4136 fluvius]
1399 4073 1599 4123 Solutio
1634 4074 1722 4122 ob-

639 4148 905 4213 ·Jeetionis
939 4165 970 4196 a
1001 4148 1152 4196 simili
1172 4166 1188 4208 ;
1208 4148 1304 4197 hoc
1342 4149 1494 4197 modo
1521 4148 1724 4198 scilieet

664 4231 720 4275 et
758 4222 963 4284 fluvius,
997 4225 1086 4288 qui
1118 4239 1218 4273 non
1252 4232 1331 4274 est
1366 4226 1635 4286 maximae,
1673 4226 1723 4274 ei

641 4300 874 4350 ·videtur
895 4299 1162 4363 maximus,
1188 4301 1286 4350 i.-e.
1310 4301 1422 4364 ejus
1438 4301 1645 4364 judicio
1668 4309 1724 4351 et

1363 444 1580 494 ⁸0⁹1*AE
1630 443 2035 494 vammum
2086 445 2163 494 IN

1796 587 2059 636 sententia
2086 594 2169 638 est
2207 585 2477 650 maximus,
2510 587 2601 653 qni
2636 587 2870 652 aliqum

1797 669 1920 714 aute
1942 664 2188 727 majorem
2224 678 2327 712 non
2346 660 2510 716 viditz
2548 671 2601 712 et
2627 663 2755 712 item
2778 665 2862 712 ho-

1798 753 1880 788 mo
1904 747 1959 789 et
1981 740 2134 788 arbor
2158 753 2260 788 non
2296 739 2523 800 maximi,
2544 739 2593 788 ei
2616 739 2863 796 videntur

1796 815 2025 878 maximi,
2046 816 2132 879 qui
2152 815 2319 864 nullos
2352 821 2506 864 antea
2537 814 2764 878 majores
2788 815 2862 866 vi—

1798 890 1911 940 dit:
1945 891 2082 940 hune
2114 891 2287 940 locum
2319 889 2373 938 in
2408 888 2644 938 omnibus
2668 889 2785 938 fere
2806 890 2867 940 li-

1798 967 1905 1016 bris
1926 975 2247 1030 corruptum,
2268 965 2358 1030 qui
2390 966 2465 1014 sie
2488 964 2703 1026 habent,
2724 965 2868 1014 Scili-

1796 1047 1871 1091 cet
1892 1047 1939 1091 et
1947 1041 2137 1105 fluvius
2150 1043 2230 1106 qui
2252 1042 2379 1090 visus
2412 1041 2652 1090 maxims
2670 1041 2737 1103 ei,
2764 1041 2864 1096 Qus·

1796 1131 1889 1166 non
1908 1122 2017 1166 ante
2034 1118 2145 1180 aliq.
2178 1118 2253 1166 sic
2272 1116 2475 1166 restitui
2488 1116 2603 1180 jam
2622 1117 2673 1166 iu
2694 1118 2865 1182 prima

1798 1192 2045 1253 editione,
2073 1193 2225 1256 plane
2246 1190 2565 1256 (praefiscini
2606 1191 2863 1256 praefatus

1798 1266 1995 1330 dicam)
2014 1267 2205 1319 divine.
2254 1269 2425 1320 Quam
2446 1268 2863 1321 emendationem

1798 1344 1955 1394 etiam
1977 1345 2155 1394 Zoilus
2178 1346 2420 1408 probavit
2442 1345 2653 1394 tacitus.
2690 1345 2863 1398 Lami»,

1799 1422 1963 1472 Codd.
1985 1422 2179 1472 Scilicet
2212 1429 2262 1473 et
2280 1423 2468 1487 fluvius
2494 1423 2577 1485 qui
2609 1423 2763 1484 visus,
2782 1425 2864 1486 ξφ.

1798 1500 1951 1549 Unde
2001 1500 2308 1549 Salmasius:
2344 1499 2538 1549 Scilicet
2588 1505 2639 1548 et
2676 1500 2865 1562 fluuius

1796 1576 1901 1638 quis
1936 1576 2073 1626 visus,
2107 1577 2346 1626 maxims
2381 1577 2446 1626 eii
2471 1593 2489 1625 .·
2538 1574 2729 1624 fluvius
2772 1577 2865 1626 ali-

1801 1651 1917 1715 quis
1941 1652 2077 1700 visus
2102 1659 2182 1700 est
2204 1652 2253 1700 ei
2282 1652 2557 1713 maximus,
2579 1652 2667 1716 qui
2698 1653 2863 1714 majo-

1802 1739 1910 1774 rem
1942 1725 2217 1775 uon'vidit.
2268 1727 2429 1774 Istam
2458 1741 2612 1790 quam
2636 1727 2863 1784 Codices

1800 1801 2053 1850 exhibent
2073 1803 2350 1851 lectionem
2386 1803 2533 1867 sequi
2568 1817 2859 1867 possumus,

1796 1882 1851 1926 st
1870 1891 1973 1926 non
1997 1877 2281 1940 rejicienda
2304 1884 2385 1928 est
2409 1879 2497 1927 illa
2521 1880 2689 1929 altera
2708 1881 2861 1932 Lam·-

1795 1951 1903 2001 bini
1919 1953 2095 2002 lectio.
2130 1953 2323 2002 (ἔται-1ο.
2355 1955 2492 2003 Mire
2515 1969 2609 2003 sna
2623 1956 2863 2004 emenda-

1797 2028 1945 2077 tione
1984 2029 2214 2078 exsultat
2254 2030 2552 2081 Lambinus.
2613 2030 2861 2093 ‘Planef

1795 2102 1985 2166 inquit,
2018 2105 2034 2132 ⁴
2068 2103 2334 2167 praefieine
2380 2104 2631 2169 praefatus
2675 2106 2861 2168 dieem,

1794 2178 2009 2229 divine!
2042 2181 2236 2229 Verum
2258 2181 2353 2242 ita,
2373 2197 2475 2231 non
2504 2182 2658 2233 modo
2680 2184 2696 2210 ‘
2712 2184 2865 2232 Max·

1794 2255 1899 2303 ima
1919 2269 2035 2318 quae
2058 2255 2192 2306 vidit
2221 2258 2459 2321 quisque,
2482 2259 2593 2309 haec
2622 2259 2861 2322 ingentia

1776 2328 1981 2394 'fingit‚’
2014 2339 2072 2380 ut
2100 2345 2251 2382 versu
2298 2332 2363 2383 ub
2401 2335 2498 2384 hoe
2532 2343 2719 2398 quarto
2758 2337 2861 2386 Lu·

1794 2405 1989 2454 cretius
2015 2408 2262 2472 loquitur,
2280 2409 2371 2459 sed
2395 2415 2452 2459 et
2473 2412 2489 2440 ‘
2507 2410 2726 2474 Optima
2742 2425 2859 2474 qnae

1794 2481 1929 2530 vidit
1967 2483 2204 2547 quisque,
2247 2484 2639 2535 haec.coe1estia
2672 2483 2860 2548 fingit?

1798 2557 1936 2607 Quid
1952 2559 2087 2608 enim
2112 2560 2417 2624 simplicius,
2430 2561 2554 2625 quin
2569 2568 2625 2610 et
2644 2561 2857 2624 elegan-

1802 2633 1924 2695 tius,
1946 2649 2099 2697 qnam
2118 2634 2253 2699 quod
2273 2635 2402 2685 vidit
2422 2636 2493 2686 Is.
2511 2635 2860 2697 vessinensi&-

1801 2709 1911 2757 licel
1936 2715 1983 2758 et
1992 2709 2176 2773 fluvius
2192 2711 2348 2775 quiuis
2365 2716 2422 2760 ut
2440 2712 2675 2760 maximus
2695 2711 2762 2771 ὀὶ
2782 2711 2859 2764 ³⁸1.

1795 2799 1944 2848 quam
1962 2787 2373 2836 emendationem
2390 2795 2444 2836 et
2455 2787 2714 2836 variantes
2728 2787 2861 2838 Leo·-

1796 2859 1964 2907 tiones
2002 2867 2307 2924 agnoscunt,
2328 2868 2383 2911 et
2421 2861 2719 2911 Annotator
2741 2877 2857 2914 nos-

1798 2939 1896 2983 ter.
1940 2933 1957 2962 ‘
1981 2934 2165 2986 Quivis
2182 2934 2195 2957 ⁹
2217 2937 2315 2985 hoc
2338 2950 2510 2998 versu,
2532 2943 2589 2985 et
2606 2937 2622 2962 ‘
2641 2935 2861 3001 aliquis’

1797 3009 2049 3072 proximo,
2074 3013 2268 3074 optime
2301 3011 2417 3060 sibi·
2438 3012 2660 3062 invicem
2692 3027 2857 3076 oppe—

1795 3091 2007 3134 nuntur.
2056 3086 2248 3136 Locum
2274 3087 2444 3153 ipsum
2466 3089 2677 3151 egregie
2701 3089 2857 3142 Clau-

1796 3158 1981 3209 dianus
2015 3159 2261 3226 illustrat,
2300 3162 2385 3213 ubi
2423 3164 2490 3213 de
2526 3179 2651 3214 aene
2683 3167 2856 3216 Vero-

1796 3236 1972 3287 nensi=
2006 3238 2022 3265 ‘
2048 3238 2294 3288 Proxima
2336 3242 2420 3290 cui
2456 3241 2617 3304 nigris
2644 3245 2857 3295 Verona

1794 3312 2042 3360 remotior
2083 3314 2247 3378 Indis,
2282 3317 2655 3382 Benacumque
2705 3325 2858 3382 putat

1796 3387 1973 3438 littora
2017 3391 2171 3439 rubra
2206 3391 2413 3442 laeum!
2480 3393 2633 3442 Haud
2674 3395 2855 3457 inepte

1794 3464 1952 3512 etiam
1989 3465 2215 3528 legeris:
2251 3468 2448 3518 Scilicet
2482 3470 2727 3534 etfluoius
2758 3471 2859 3534 qiu·-

1794 3539 1869 3588 vis
1900 3543 1969 3587 est
1988 3541 2235 3590 maximus
2272 3543 2353 3604 q'i.
2420 3543 2598 3607 Preig.
2666 3546 2858 3604 Omnia

1796 3613 1906 3662 liaec
1930 3622 2082 3663 acuta
2103 3623 2157 3664 et
2184 3617 2450 3681 eleganter
2487 3619 2737 3679 iuventa3
2770 3633 2859 3670 ve-

1796 3702 1908 3737 rum
1954 3703 2053 3752 ego
2090 3691 2302 3754 issum,
2338 3693 2427 3755 qui
2475 3691 2783 3743 difficillime
2825 3708 2858 3743 a

1795 3766 1923 3816 Mss.
1966 3766 2318 3829 probatiorum
2370 3767 2475 3818 fide
2519 3768 2773 3826 descisco,
2813 3771 2862 3820 si

1796 3849 1952 3904 aptus
1990 3843 2112 3892 iude
2152 3858 2333 3894 sensns
2376 3845 2489 3894 erui
2533 3847 2723 3908 possit,
2764 3846 2858 3910 qni

1794 3917 1878 3965 hic
1903 3918 2200 3980 aptissimus
2232 3926 2291 3968 et
2318 3919 2724 3983 simplicissimus
2758 3927 2856 3970 est.

1795 3992 1986 4042 Scilicet
2018 3999 2066 4042 et
2090 3994 2306 4056 Flavius,
2328 3997 2409 4058 qui
2438 3996 2589 4059 visus,
2620 3997 2859 4046 maximus

1795 4069 1855 4128 eja·
1881 4070 1995 4130 Qui,
2014 4072 2095 4130 ὅγε.
2162 4070 2178 4097 ‘
2200 4070 2433 4132 Flavius,
2459 4071 2545 4133 qui
2576 4071 2748 4134 visus,’
2770 4079 2858 4124 est

1795 4144 1837 4192 is
1872 4145 1960 4209 qui
1994 4145 2211 4208 primus,
2246 4151 2368 4194 aute
2410 4146 2540 4195 alios
2568 4147 2708 4195 visus
2741 4153 2855 4201 est:

1796 4235 1974 4270 omnes
2013 4219 2149 4271 enim
2185 4222 2239 4270 hi
2264 4237 2443 4271 versus
2481 4221 2549 4272 de
2574 4223 2687 4272 visu
2724 4224 2857 4288 (pri-

1795 4311 1901 4359 mo,
1922 4305 2133 4356 utente
2158 4299 2291 4349 visos
2324 4296 2482 4363 alios)
2504 4306 2683 4363 agunt,
2700 4306 2757 4350 et
2780 4301 2855 4357 ita
