3200 4959
595 372 770 439 1416

597 531 812 579 Luci-et.
851 542 964 591 sup.
1008 532 1057 579 8.
1099 531 1212 577 648.
1252 528 1268 556 ⁸
1289 528 1360 576 Et
1402 526 1550 576 simul
1592 526 1644 574 in

599 619 786 670 pugne
807 604 980 653 studio
1002 603 1139 668 qnod
1165 602 1342 652 dedita
1362 617 1504 653 mens
1527 600 1646 651 est.’

601 683 766 731 Cato:
800 683 816 710 6
835 680 1064 729 Poeticae
1088 681 1186 729 arti
1207 680 1368 728 honos
1397 692 1495 727 non
1519 685 1647 727 erat.

601 758 648 805 ai
669 756 780 821 quis
801 756 853 805 in
877 770 941 805 ea
962 769 1016 805 re
1039 754 1305 816 studebat,
1338 762 1428 803 aut
1448 766 1563 801 sese
1583 750 1649 801 ad

603 832 840 885 convivia
874 830 1188 894 applicabat,
1225 835 1486 893 grassator
1507 841 1656 877 voca·

604 904 798 956 batur.'
829 905 996 954 Lamb.
1061 905 1276 965 Proeter,
1315 917 1452 966 qnam
1487 902 1657 965 quibus

605 987 694 1031 est.
752 980 840 1030 lta
869 982 922 1029 in
956 980 1287 1040 vet.·nostris,
1309 986 1366 1028 et
1397 978 1527 1029 aliis.
1589 978 1657 1026 In

614 1056 916 1121 quibusdam
935 1072 950 1105 ε
972 1056 1116 1119 queis.
1152 1054 1326 1105 Gifan.

670 1134 770 1180 815
802 1132 875 1180 Ac
913 1144 998 1179 nos
1035 1130 1090 1179 in
1119 1128 1348 1189 fraudem
1395 1126 1659 1189 induimus]

610 1207 892 1270 Eleganter
905 1214 962 1255 et
979 1212 1190 1255 venuste
1207 1204 1404 1253 dictum
1421 1203 1662 1251 ‘induere

610 1284 742 1331 sein
764 1279 1038 1330 fraudem-⁷
1071 1280 1156 1328 Sic
1169 1279 1246 1327 M.
1264 1278 1401 1327 Tull.
1422 1278 1574 1327 verr.
1597 1278 1663 1325 de

605 1357 730 1421 jure
771 1355 1030 1405 dicundo:
1063 1354 1200 1403 ‘Hic
1243 1354 1418 1403 videte
1451 1354 1504 1401 in
1541 1358 1668 1417 quot

613 1433 824 1496 laqueos
847 1446 904 1479 se
919 1428 1177 1480 induerit?
1241 1429 1388 1478 Idem
1409 1429 1462 1477 in
1482 1427 1667 1477 Lucul-

618 1507 705 1556 lo:
739 1506 756 1535 ‘
775 1505 928 1555 Philo
951 1512 1124 1554 autem
1148 1504 1266 1552 dum
1285 1518 1418 1554 nova
1433 1503 1668 1567 quiedam

617 1587 930 1641 commovet,
983 1579 1119 1643 quod
1172 1594 1232 1628 ea
1286 1580 1540 1628 sustinere
1586 1579 1671 1627 vix
1740 1582 1743 1585 ’

617 1662 849 1719 poterat,
885 1669 1000 1719 quae
1038 1661 1224 1704 contra
1245 1654 1674 1705 Academicorum

624 1731 962 1795 pertinaciam
1005 1730 1347 1781 dicebantur-2
1395 1737 1450 1780 et
1491 1737 1675 1795 aperte

623 1806 894 1869 mentitur,
937 1812 998 1854 ut
1040 1811 1121 1854 est
1153 1819 1430 1869 reprensus
1462 1821 1492 1855 a
1525 1813 1676 1869 patre

625 1880 834 1945 Catulo,
863 1888 938 1944 et,
975 1886 1036 1931 ut
1065 1881 1245 1931 docuit
1276 1881 1584 1943 Antiochus,
1626 1883 1677 1931 in

624 1957 848 2019 idipsum
904 1968 960 2005 se
1020 1956 1209 2019 induit,
1250 1957 1388 2021 quod
1429 1957 1681 2008 timebat-⁸

627 2032 778 2083 Idem
821 2033 886 2081 de
923 2032 1096 2082 Divin.
1131 2033 1222 2083 lib.
1243 2038 1292 2084 2.
1330 2037 1346 2063 ‘
1367 2033 1475 2083 Cur
1495 2049 1584 2084 vos
1608 2036 1681 2084 in·

630 2109 789 2159 duitis
821 2108 872 2157 in
917 2122 1001 2157 eas
1045 2108 1337 2172 captiones,
1382 2125 1505 2174 quas
1539 2126 1682 2159 num·

631 2201 786 2250 quiam
829 2185 1104 2248 explicetis
1119 2184 1154 2234 ?’
1197 2185 1372 2234 Plaut.
1415 2186 1606 2235 Casina
1635 2190 1684 2236 1.

632 2266 716 2311 25.
746 2263 764 2291 6
780 2261 907 2309 Mea
927 2259 1106 2322 praeda
1127 2266 1208 2308 est
1229 2259 1351 2308 ilia:
1385 2261 1536 2322 proin
1557 2267 1615 2310 tu
1632 2267 1687 2310 te

635 2339 688 2387 in
711 2338 950 2401 laqueum
973 2350 1040 2384 ne
1061 2335 1283 2384 induas!
1328 2334 1496 2384 Lamo.

706 2414 1020 2462 Fuisti-amur
1038 2410 1223 2474 stipsi]
1277 2410 1407 2460 Cum
1430 2411 1485 2459 iu
1501 2410 1693 2461 codici·

637 2488 733 2537 bns
754 2487 1059 2553 quibusdam
1081 2486 1446 2549 manuscriptis
1473 2488 1693 2551 reperis-

639 2578 747 2613 sem
787 2562 1059 2626 scriptum,
1081 2561 1510 2625 frustramiaipsis,
1535 2563 1693 2627 idque

639 2654 756 2689 cum
800 2638 996 2689 litarat
1041 2638 1092 2687 iu
1135 2638 1272 2699 aliis,
1301 2637 1600 2699 frustramur
1640 2639 1696 2689 id

637 2714 755 2779 ipsi,
795 2722 850 2764 et
887 2714 962 2763 ita
997 2714 1052 2762 in
1093 2712 1374 2763 Parisiens.
1399 2720 1454 2761 et
1474 2714 1695 2763 Venetis

642 2793 806 2856 antiq.
858 2805 958 2855 ego
979 2791 1252 2850 frustamur
1272 2795 1318 2839 et
1339 2789 1435 2853 ipsi
1457 2791 1695 2853 reposui:

644 2882 762 2931 quae
803 2867 1064 2930 scriptura
1107 2864 1378 2929 perspicue
1427 2880 1555 2916 vera
1595 2872 1695 2917 est.

644 2942 763 2993 Jam
784 2954 910 2989 vero
931 2941 1087 2991 etiam
1110 2939 1273 2989 Arist.
1307 2940 1398 2990 lib.
1425 2941 1490 2990 de
1511 2943 1705 2991 insom-'

643 3017 743 3067 niis
763 3015 967 3078 scribit,
999 3030 1090 3065 uos
1125 3015 1280 3066 facile
1313 3015 1483 3079 decipi
1507 3032 1566 3067 ac
1589 3017 1698 3068 falli

645 3092 791 3143 circa
809 3106 1008 3154 sensus,
1026 3092 1250 3141 maxime
1273 3105 1388 3141 cum
1413 3092 1705 3156 perturbati

649 3168 824 3233 aliquo
847 3166 1003 3217 animi
1025 3173 1170 3216 motu
1194 3182 1403 3227 sumus3
1442 3174 1502 3217 ut
1533 3183 1703 3217 aman-

649 3250 732 3295 tes
769 3244 1014 3294 videntur
1056 3257 1123 3291 ex
1169 3258 1330 3307 parva
1373 3244 1703 3293 similitudine

651 3332 783 3383 eam,
807 3334 961 3383 quam
1005 3324 1200 3381 amant,
1241 3333 1492 3381 cernei-⁶23
1541 3320 1706 3369 timidi

649 3401 708 3445 et
747 3394 920 3458 ignavi
959 3393 1182 3442 hostium
1223 3402 1562 3456 conspectum
1606 3395 1705 3444 sibi

651 3470 875 3535 fingunt,
896 3473 993 3519 ὅτε.
1028 3470 1176 3532 cujus
1213 3471 1290 3518 rei
1327 3478 1504 3519 exstat
1534 3485 1707 3519 exem-

655 3548 796 3611 plum
813 3546 952 3609 apud
976 3546 1110 3595 caes.
1131 3543 1224 3595 lib.
1250 3548 1299 3593 1.
1321 3544 1387 3593 de
1412 3546 1544 3593 Bell.
1567 3546 1708 3595 Gall.

653 3620 744 3671 ubi
797 3626 997 3682 narrat,
1048 3619 1066 3647 ‘
1085 3618 1380 3668 Considium
1433 3620 1709 3683 quendam,

656 3696 849 3760 alioqui
901 3695 977 3743 rei
1031 3694 1266 3746 militaris
1325 3696 1709 3759 peritissimum,

655 3785 772 3821 cum
817 3770 1165 3833 exploratum,
1210 3769 1332 3833 quid
1379 3770 1550 3819 hostes
1593 3786 1711 3833 age-

657 3853 796 3909 rent,
816 3846 1003 3897 missus
1024 3850 1179 3907 esset,
1198 3851 1338 3893 metu
1361 3844 1712 3909 perterritum,

659 3922 798 3988 quod
819 3936 920 3971 non
944 3919 1174 3981 vidisset,
1217 3932 1312 3981 pro
1349 3920 1462 3967 visu
1497 3920 1594 3969 sibi
1631 3935 1712 3970 re-

660 3997 962 4049 nuntiasse!
991 3996 1158 4045 Lamb.
1207 3996 1511 4045 Fruar-amur
1527 3998 1580 4047 ia
1599 3998 1711 4062 ipsi.

661 4076 748 4125 Sic
767 4074 878 4124 fere
907 4088 1082 4124 omnes
1101 4072 1234 4121 libri
1266 4079 1372 4128 vet.
1407 4074 1470 4122 In
1510 4076 1714 4139 quibus·

665 4152 782 4201 dam
819 4153 956 4215 vulg.
987 4151 1182 4210 frustra
1211 4150 1373 4201 nimis.
1437 4152 1714 4203 Lambinus

666 4227 910 4294 conjicit:
931 4228 1229 4287 frustramur
1243 4232 1308 4278 et.
1341 4225 1520 4281 Gifan.
1583 4230 1715 4279 Ver-

1279 386 1496 433 No'rAE
1543 380 1941 431 vammum
1996 380 2073 429 IN

1722 524 1841 573 bum
1880 524 1897 551 ‘
1916 518 2181 571 frustrari’
2218 520 2455 571 similiter
2476 520 2705 571 occurrit
2722 524 2777 571 4.

1723 606 1837 650 565.
1878 607 1933 649 et
1972 604 2087 649 969.
2130 598 2253 648 satis
2298 599 2565 649 commoda
2606 607 2778 649 tamen

1725 678 1854 726 Mss.
1904 683 1985 727 est
2031 674 2191 724 lectio
2231 672 2429 733 frustra
2476 675 2619 725 nimis
2664 672 2777 737 ipsi.

1729 750 1872 802 Hav-

1786 832 1885 877 816
1922 827 2004 877 Fit
2048 839 2223 889 quoque
2262 828 2317 872 nt
2367 822 2624 881 interdum,
2676 819 2782 883 ξω]

1730 902 1913 954 Tertia
1944 904 2010 968 (si
2042 903 2109 953 sit
2147 902 2249 951 alia
2270 916 2301 951 a
2330 899 2780 963 praecedentibus)

1733 977 2008 1027 difficultas
2030 991 2132 1025 vsa.
2166 981 2215 1024 5.
2236 974 2563 1025 continetur:
2589 973 2783 1023 Eadem

1735 1054 1833 1103 viz.
1866 1054 2031 1117 imago
2054 1051 2204 1100 modo
2225 1063 2353 1111 mas,
2382 1048 2536 1097 modo
2558 1045 2788 1109 foemina,

1738 1128 1889 1178 modo
1912 1142 2058 1192 puer,
2085 1134 2141 1175 et
2160 1126 2331 1175 subito
2354 1138 2511 1173 senex
2543 1138 2634 1187 per
2654 1138 2786 1171 som-

1743 1219 1863 1253 num
1887 1211 2119 1267 apparet.
2172 1200 2276 1251 Sed
2303 1201 2405 1249 ista
2427 1215 2489 1250 eo
2512 1199 2661 1247 modo
2685 1212 2789 1262 quo

1740 1282 1953 1345 reliqnae
1987 1279 2237 1343 explicari
2276 1284 2481 1340 potest:
2517 1277 2697 1326 saltem
2736 1274 2790 1325 in

1742 1354 2061 1419 explicandis
2105 1353 2333 1415 somniis,
2372 1366 2585 1417 quorum
2638 1351 2797 1399 maxi-

1743 1449 1875 1485 mam
1918 1439 2122 1497 partem
2166 1430 2321 1480 obliti
2368 1444 2562 1491 sumus,
2602 1426 2796 1477 frustra

1744 1524 2018 1559 moramur.
2056 1508 2245 1558 Graecia.

1810 1589 1909 1634 820
1940 1585 2091 1647 Sopor
2110 1591 2249 1649 utque
2268 1582 2442 1632 obliuia
2454 1580 2643 1643 curant]
2678 1580 2799 1629 Hoc

1748 1660 2039 1723 significat:
2076 1662 2192 1711 Nou
2228 1660 2492 1721 miramur,
2526 1657 2645 1705 dum
2681 1656 2799 1705 dor·

1750 1736 1952 1799 mimus,
1972 1751 2085 1801 qnae
2112 1744 2233 1785 ante
2268 1734 2477 1783 famina
2509 1732 2657 1783 nobis
2690 1732 2802 1781 visa

1752 1811 1836 1873 sit,
1878 1826 1991 1860 eam
2033 1825 2172 1860 nituc
2214 1812 2380 1859 virum
2420 1822 2533 1858 esse
2589 1807 2804 1870 factam,

1752 1894 2029 1950 propterea
2060 1884 2195 1950 quod
2232 1892 2340 1935 tum
2376 1885 2395 1913 ‘
2412 1881 2697 1932 meminisse
2724 1882 2807 1944 ja·

1753 1968 1856 2017 cet,
1878 1963 2193 2025 languetque
2215 1958 2433 2024 sopore,'
2458 1964 2519 2007 ut
2538 1972 2650 2020 sup.
2672 1956 2805 2005 dixit

1752 2035 1956 2103 vs.1769.
1978 2038 1994 2065 6
2014 2038 2181 2101 Sopor
2205 2045 2363 2099 atque
2382 2030 2811 2085 obliviscar-ant!

1755 2112 1803 2162 1.
1829 2128 1877 2163 e.
1898 2112 2152 2174 efficiunt,
2174 2128 2239 2161 ne
2258 2114 2355 2162 hoc
2372 2112 2629 2161 miremur.
2684 2111 2811 2159 Tra-

1757 2186 1884 2237 latio
1904 2195 2000 2237 est.
2034 2189 2107 2237 sie
2137 2189 2361 2252 loquitur
2382 2192 2433 2237 3.
2454 2191 2567 2237 128.
2595 2186 2611 2213 6
2630 2184 2813 2235 calidi-

1762 2277 1863 2327 que
1888 2265 2091 2327 vaporis
2125 2265 2331 2313 Semina
2352 2277 2553 2325 curare,
2581 2262 2633 2310 in
2657 2274 2816 2311 mem-

1762 2338 1871 2388 bris
1920 2346 1979 2388 ut
2021 2341 2128 2389 vita
2170 2338 2435 2389 moretur!
2476 2346 2531 2387 et
2570 2343 2620 2385 5.
2665 2340 2814 2385 1014.

1764 2415 1781 2443 6
1798 2414 1941 2477 Ignis
1960 2416 2094 2463 enim
2114 2415 2337 2477 curavit,
2370 2421 2425 2463 ut
2446 2412 2570 2462 alsia
2592 2426 2812 2475 corpora

1764 2488 1928 2555 frigus
1964 2491 2083 2540 Non
2119 2491 2193 2539 ita
2221 2491 2329 2553 jam
2354 2494 2561 2552 possent
2584 2488 2699 2537 caeli
2720 2486 2815 2537 sub

1766 2566 1995 2631 tegmine
2015 2564 2189 2615 ferre)
2220 2565 2384 2615 Lumb.

1832 2645 1927 2690 821
1962 2642 2092 2690 Illud
2126 2641 2180 2689 in
2214 2640 2291 2689 his
2324 2640 2462 2689 rebus
2496 2640 2667 2689 vitium
2686 2639 2820 2688 velte-

1766 2722 1947 2767 πεπέρι·
1965 2718 2147 2775 instem
2182 2714 2415 2780 Effugere
2449 2716 2723 2777 illorumque
2743 2728 2821 2763 er·

1768 2809 1923 2843 rorem
1956 2792 2358 2857 premeditemur]
2390 2792 2478 2841 Ita
2516 2806 2580 2841 ex
2618 2798 2725 2840 vet.
2762 2790 2823 2839 li-

1771 2868 1876 2918 bris
1894 2868 2095 2931 scripsi.
2130 2867 2193 2917 In
2218 2866 2518 2931 quibusdam
2542 2874 2677 2915 erat:
2698 2880 2824 2929 μνω-

1772 2944 2057 2993 metitemur.
2120 2942 2259 2991 Hinc
2300 2942 2352 2992 in
2388 2942 2531 2991 aliis:
2572 2946 2825 3003 prement.-

1774 3024 1929 3069 eutar.
1995 3018 2192 3067 Nostra
2214 3018 2482 3067 verissima
2503 3023 2584 3067 est
2604 3017 2828 3078 scriptu·

1776 3109 1878 3155 ra3
1933 3109 2087 3158 quam
2141 3099 2343 3143 veteres
2392 3094 2827 3156 interpretantur,

1776 3170 1879 3219 imo
1901 3176 2039 3220 totus
2063 3170 2206 3219 locus
2240 3170 2487 3232 postulat.
2526 3168 2692 3227 Git‘au.
2758 3170 2831 3217 11-

1776 3248 1858 3296 lud
1899 3247 1951 3295 in
1991 3246 2067 3294 his
2098 3247 2235 3295 rebus
2263 3246 2431 3295 vitium
2451 3246 2762 3306 uehementer,
2782 3250 2832 3293 et

1776 3324 1921 3374 mum
1942 3318 2173 3389 Effugere
2194 3336 2416 3383 errorem,
2446 3321 2691 3383 vitareque
2709 3334 2833 3382 pra·

1778 3397 2045 3447 meditator.
2108 3396 2221 3446 Hos
2274 3395 2401 3445 duos
2446 3408 2623 3444 versus
2668 3394 2835 3457 indig-

1779 3474 1859 3520 nis
1900 3472 2065 3520 modis
2121 3477 2417 3533 corruptos,
2467 3484 2563 3533 ego
2620 3470 2835 3531 vestigia

1784 3547 2054 3611 scripturae
2078 3546 2265 3596 veteris
2288 3546 2553 3605 odoratus,
2568 3552 2624 3595 et
2648 3546 2836 3593 Lucre·

1782 3623 1842 3671 tii
1874 3623 2181 3672 sententiam
2220 3624 2348 3685 ipsis
2378 3621 2633 3670 cubilibus
2663 3634 2836 3684 perse·

1783 3706 1954 3760 cutus,
1995 3712 2098 3747 non
2138 3696 2437 3761 infeliciter,
2478 3711 2593 3747 mea
2630 3696 2839 3761 quidem

1781 3773 2057 3834 sententia,
2097 3772 2317 3824 restitui.
2404 3772 2505 3821 Sed
2553 3785 2837 3834 proponam

1785 3850 2007 3914 primum
2051 3850 2423 3912 scripturarum
2472 3848 2840 3897 dissimilitudi-

1786 3942 1875 3977 nes
1888 3944 1903 3978 ε
1923 3926 2109 3975 deinde
2122 3927 2233 3989 ejus
2252 3926 2546 3989 scripturae,
2560 3940 2713 3989 quam
2728 3940 2849 3989 pro·

1786 4002 1925 4064 bavi,
1948 3994 2260 4051 senteutiam
2283 4001 2575 4065 explicabo.
2640 4000 2727 4051 Sic
2750 4001 2844 4063 igi·

1788 4082 1871 4129 tur
1893 4076 2145 4140 scriptum
2166 4084 2249 4125 est
2283 4076 2336 4126 iu
2360 4076 2477 4125 cod.
2518 4076 2683 4125 Vatic.
2712 4076 2841 4125 mad

1784 4153 1841 4202 iu
1882 4152 1956 4200 his
1990 4151 2128 4201 rebus
2164 4152 2332 4200 vitium
2364 4151 2660 4201 vehementer
2692 4152 2843 4201 inesse

1789 4227 2021 4293 Effugere
2041 4240 2215 4291 errore,
2234 4226 2518 4288 multareqae
2534 4230 2847 4289 prem-staen-
