3200 4959
600 431 673 486 π’.
720 437 1077 488 nuenarii
1124 439 1304 489 cAm
1356 443 1452 491 na
1500 445 1764 496 numm
1814 447 1996 498 its-1⁸.
2047 449 2187 500 ma.
2235 451 2305 502 v,
2390 437 2564 506 1531

370 585 505 630 strae
519 574 649 629 facit
662 579 905 643 maxime,
926 582 943 611 ⁴
962 581 1234 648 consequa
1246 591 1436 634 natura

374 664 461 704 est
489 656 599 719 jam
660 671 833 704 rerum
892 671 959 706 ex
1016 659 1198 708 ordine
1248 649 1435 711 certo?

371 733 555 792 Vides,
586 737 646 780 nt
666 732 868 794 opinor,
900 733 1029 782 hanc
1051 734 1327 784 lectionem
1349 737 1438 786 illa

374 808 639 870 aliquanto
660 819 775 855 esse
797 807 1085 867 meliorem,
1121 824 1235 872 quie
1262 811 1327 859 ab
1364 812 1440 859 in-

376 889 617 944 terprete
638 881 892 942 Lucretii,
910 883 1055 946 quasi
1072 885 1223 946 longe
1242 887 1440 948 optima

378 963 537 1016 esset,
558 958 779 1020 probata
799 957 977 1008 fuerit.
1018 959 1188 1008 Faber.

387 1059 397 1066 ·
440 1037 542 1084 670
565 1033 787 1096 Namque
808 1034 888 1086 ubi
905 1034 1326 1099 sicfaerantsteq
1351 1035 1439 1086 Al-

378 1115 637 1160 terntrum
672 1111 853 1158 horum
874 1125 1134 1172 versuum,
1175 1113 1255 1160 vel
1278 1114 1436 1174 hunc,

377 1185 465 1232 vel
487 1181 735 1247 deinceps
756 1192 1075 1249 sequentem,
1108 1193 1235 1248 puto
1260 1187 1325 1236 ab
1347 1185 1439 1237 ali·

380 1273 483 1324 quo
504 1274 619 1309 esse
642 1261 1025 1323 interpositum,
1058 1275 1157 1311 nec
1187 1276 1302 1312 esse
1339 1264 1437 1312 Lu-

380 1337 687 1386 cretianum.
754 1337 937 1386 Malim
976 1345 1148 1387 tamen
1177 1338 1314 1388 hunc
1350 1341 1441 1390 de·

378 1411 511 1473 lere,
544 1419 599 1461 et
620 1413 837 1461 alterum
872 1413 1115 1475 retinere,
1150 1415 1233 1462 vel
1256 1414 1347 1475 ita,
1382 1420 1441 1465 nt

380 1489 434 1538 in
458 1489 692 1539 omnibus
712 1488 861 1540 libris
882 1490 1091 1552 legitur,
1110 1491 1193 1539 vel
1212 1493 1439 1554 paullum

382 1565 725 1628 immutatum,
762 1579 947 1628 nempe
970 1565 1068 1615 boc
1088 1567 1258 1628 modo,
1288 1567 1439 1616 Nara-

381 1658 471 1706 que
490 1642 566 1691 ati
585 1657 661 1693 res
680 1643 857 1703 mundi,
870 1645 949 1704 ⁸5⁶·
978 1643 1158 1691 Lamb.
1208 1643 1439 1693 Fuerant.

380 1719 447 1768 In
468 1726 572 1770 vet.
594 1718 933 1783 quibusdam:
954 1718 1173 1777 fueram.
1224 1721 1439 1770 Versum

383 1804 685 1858 sequentem
728 1794 865 1845 eruit
922 1794 1208 1845 Lambinus.
1270 1795 1441 1854 Gilua.

384 1870 525 1920 Ecce
569 1877 741 1920 antem
800 1869 869 1918 de
928 1869 1159 1932 integrm
1212 1871 1441 1921 occurrit

384 1943 525 1992 aliud
548 1945 602 1992 iu
624 1945 721 1994 boc
742 1944 855 2008 ipso
878 1945 991 1994 loco
1010 1945 1144 2009 quod
1168 1943 1441 1995 festinanti

382 2035 580 2072 moram
621 2021 866 2086 objiciat:
918 2023 935 2050 ⁴
970 2023 1207 2087 Namque
1246 2022 1331 2072 ubi
1366 2023 1441 2072 sic

382 2097 601 2148 fuerunt
617 2113 879 2148 causarum
902 2097 1117 2148 exordia
1138 2099 1323 2161 prima,
1348 2096 1442 2148 At-

385 2187 493 2236 que
514 2170 595 2222 uti
617 2187 698 2222 res
717 2173 887 2222 mundi
905 2173 1140 2224 cecidere
1158 2174 1223 2224 ab
1242 2174 1442 2237 origine

384 2249 573 2312 prima,
605 2249 873 2314 consequa
894 2258 1077 2298 natura
1116 2257 1199 2299 est
1227 2251 1339 2313 jam
1363 2265 1443 2299 re·

384 2337 497 2372 rum
519 2337 585 2372 ex
610 2323 790 2372 ordine
810 2323 989 2374 certo!
1056 2326 1292 2374 Duorum
1326 2341 1444 2389 pos·

389 2401 636 2450 teriornm
656 2413 894 2450 versuum
913 2402 1215 2451 alterutrum
1235 2401 1445 2465 ὀβελίζει

389 2477 693 2538 Lambinus,
726 2491 893 2540 neque
924 2479 991 2526 de
1022 2479 1131 2539 illo,
1166 2480 1325 2542 Atque
1350 2482 1445 2543 nti,

388 2557 468 2617 qv.
500 2553 746 2602 dissentit
762 2551 1017 2605 Gifanius.
1084 2555 1197 2618 Ego
1220 2557 1445 2618 priorem

386 2645 599 2694 prorsus
622 2629 897 2680 delendum
935 2630 1174 2691 arbitror,
1210 2632 1305 2681 hac
1339 2633 1444 2696 pri-

388 2719 529 2756 mum
550 2719 723 2768 causa,
755 2707 891 2772 quod
914 2706 1055 2756 istud
1076 2708 1148 2756 sic
1179 2714 1318 2757 stare
1342 2723 1444 2758 non

388 2781 558 2843 possit
594 2795 710 2830 cum
761 2782 921 2844 Atque
956 2783 1048 2841 uti,
1081 2783 1217 2847 quod
1257 2783 1319 2830 iis
1358 2783 1449 2848 qni

391 2858 581 2908 Latine
605 2861 792 2920 sciunt,
810 2860 1132 2909 notissimum
1154 2867 1266 2922 est,
1307 2861 1447 2923 dein,

394 2934 582 2996 prioris
601 2949 800 2996 versus,
836 2937 852 2964 ‘
889 2935 977 2985 ubi
999 2937 1075 2986 sic
1098 2937 1310 2987 fuerunt
1331 2952 1449 2987 can·

390 3024 562 3059 sarum
596 3011 811 3060 exordia
844 3011 1039 3074 prima’
1072 3013 1254 3062 eadem
1295 3016 1449 3077 plane

395 3087 657 3137 sententia
679 3093 762 3136 est
782 3103 899 3152 qum
928 3089 1169 3149 secundi;
1204 3091 1295 3138 sed
1336 3105 1449 3139 ver·

394 3175 483 3211 sus
516 3163 533 3190 ‘
554 3161 729 3226 Atque
766 3165 843 3213 uti
877 3179 959 3213 res
998 3165 1175 3214 mimdi
1210 3166 1449 3215 cecidere

395 3237 463 3288 ab
493 3236 691 3302 origine
724 3239 925 3303 prima,’
976 3241 1019 3290 is
1053 3256 1179 3291 vero
1204 3242 1451 3292 Lucretio

395 3321 617 3378 parente
640 3316 797 3379 longe
822 3316 1026 3380 dignior
1064 3325 1145 3368 est
1181 3333 1331 3383 qnam
1364 3320 1451 3369 ille

394 3391 531 3439 alter
547 3391 895 3454 projectitia„
919 3408 1033 3442 nam
1051 3392 1111 3441 τὸ
1126 3395 1329 3444 cecidere
1347 3409 1452 3444 sor-

395 3471 525 3528 tem,
563 3468 929 3530 temeritatem,
970 3477 1026 3518 et
1068 3485 1245 3521 casum
1286 3478 1451 3533 notat,

398 3551 605 3606 sumpta
627 3543 693 3592 ab
718 3545 845 3592 aleae
868 3545 989 3594 ludo
1012 3547 1332 3609 metaphora,
1362 3549 1379 3575 ‘
1396 3549 1453 3596 Si

394 3617 529 3666 illud
557 3618 693 3683 qnod
716 3634 846 3683 opus
870 3628 951 3670 est
978 3622 1131 3684 jactu
1152 3637 1253 3671 uon
1276 3623 1453 3673 cadit!

394 3693 519 3751 fl'er.
552 3694 713 3757 unde,
747 3696 883 3759 quod
915 3699 1067 3747 multi
1091 3712 1193 3747 uon
1217 3699 1456 3748 observa·

399 3776 549 3832 runt,
574 3775 749 3819 natum
776 3780 827 3821 et
848 3772 995 3834 illud,
1026 3775 1163 3838 quod
1190 3776 1338 3838 vulgo
1362 3777 1458 3826 La·

394 3846 515 3897 ,tine
556 3845 795 3908 dicimus,
844 3848 861 3874 ‘
895 3849 1045 3896 Belle
1081 3849 1311 3908 cecidit,’
1356 3853 1457 3900 &c-

400 3919 508 3970 Sed
547 3935 666 3970 cum
702 3920 805 3970 hoc
838 3923 952 3971 loco
986 3921 1236 3971 rationem
1274 3921 1459 3974 afferre

400 3997 699 4047 assertionis
720 4011 825 4046 suae
850 3998 1092 4046 debuerit
1113 3998 1281 4062 poeta,
1303 4000 1462 4062 parti·

404 4075 527 4124 cula
556 4075 574 4104 ⁶
600 4074 924 4138 aetiologica'
961 4090 1091 4138 opus
1116 4084 1229 4135 est3
1267 4078 1461 4140 itaque,

405 4159 667 4214 expuncto
686 4151 777 4199 illo
799 4152 978 4214 priori,
1010 4152 1084 4200 sic
1106 4152 1279 4212 legere
1302 4153 1462 4213 soleo,

410 4227 629 4289 Namque
660 4227 737 4276 uti
771 4241 848 4275 res
876 4228 1038 4276 mundi
1067 4226 1273 4275 cecidere
1290 4225 1347 4274 ab
1369 4229 1465 4276 ori·

404 4302 523 4366 gine
550 4305 727 4367 primo,
762 4303 1003 4367 Conseqaa
1037 4307 1211 4354 actara
1255 4311 1325 4351 est
1357 4303 1465 4364 jam

1504 601 1664 637 reram
1683 602 1746 638 ex
1764 591 1928 640 ordine
1948 597 2092 642 certo.
2157 591 2293 644 Hoec
2311 593 2376 643 ad
2393 605 2566 644 emen·

1507 663 1802 725 dationcm3
1836 673 2017 718 cetera
2046 667 2098 717 in
2121 671 2278 720 notis.
2301 671 2457 720 Faber
2509 671 2566 720 ia

1509 740 1710 791 Enoead.
1774 741 1930 791 Hunc
1967 757 2171 794 versum
2205 744 2347 796 delet
2381 747 2566 808 Faber,

1510 821 1565 864 et
1598 816 1650 865 iu
1690 817 1924 882 sequenti
1947 819 2093 883 legit,
2131 821 2347 884 quue
2375 821 2452 870 uss·
2487 833 2567 870 res

1508 891 1692 953 mandi,
1727 895 1809 955 ξε.
1843 893 2050 944 retineri
2087 895 2212 945 ve'ro
2249 905 2425 959 potest
2463 897 2566 946 iste

1512 981 1691 1017 versus
1724 969 1768 1017 si
1803 969 2031 1033 legatur,
2069 971 2286 1035 Namque
2319 974 2396 1022 uti
2423 987 2567 1026 aasz·

1508 1049 1662 1094 nunt.
1724 1043 1812 1094 Sic
1839 1049 1886 1093 1.
1908 1049 2021 1096 681.
2069 1047 2084 1075 ‘
2111 1047 2182 1096 Et
2201 1046 2323 1112 quid
2342 1061 2566 1113 qunque

1510 1126 1726 1183 queant,
1743 1135 1838 1184 per
1851 1119 2048 1171 foedera
2061 1124 2286 1187 naturai,
2295 1123 2434 1176 Quid
2451 1139 2569 1188 por·

1510 1209 1569 1244 ro
1590 1201 1866 1259 nequeant,
1887 1195 2136 1246 sancitum
2150 1197 2567 1267 qnandoquidem

1512 1269 1698 1320 extat.'
1746 1271 1834 1321 lta
1855 1271 2017 1335 igitur
2034 1273 2252 1338 conjicio
2273 1275 2566 1339 legendum,

1514 1347 1612 1393 nec
1645 1345 1813 1407 pudet
1843 1346 2172 1410 conjecture.
2209 1349 2401 1400 creeea.
2471 1351 2570 1400 Ubi

1512 1420 1810 1481 stefanum.
1874 1421 2026 1472 Istud
2045 1423 2062 1450 ‘
2078 1421 2176 1472 sic’
2201 1421 2389 1472 referri
2409 1423 2570 1474 debet

1514 1495 1577 1544 ad
1600 1494 1660 1544 τὸ
1693 1497 1711 1524 ‘
1729 1495 1906 1561 atque’
1930 1497 1983 1545 in
2007 1510 2160 1546 versu
2177 1499 2435 1562 sequenti,
2459 1499 2494 1548 i.
2519 1513 2571 1551 e.

1513 1573 1694 1624 itidem
1717 1588 1796 1623 ac.
1831 1573 1986 1624 Faber
2015 1575 2068 1624 in
2093 1575 2212 1624 Not.

1578 1653 1677 1699 678
1713 1649 1976 1714 Coaseqsa]
2011 1650 2358 1715 Consequens.
2403 1651 2566 1704 Lame.

1514 1721 1559 1774 Ε
1582 1732 1687 1775 vet.
1707 1724 1836 1775 cod.
1859 1725 2150 1776 Gronovius
2171 1727 2440 1791 Consequiae
2460 1745 2572 1794 qao·

1514 1815 1604 1864 que
1625 1813 1784 1849 rerum
1801 1807 1910 1851 sient
1932 1817 1994 1851 ex
2007 1803 2172 1852 ordine
2185 1810 2328 1856 cmo.
2353 1805 2568 1856 Creeclr.

1578 1880 1678 1925 6⁷9
1703 1877 1925 1926 Crescere
1941 1879 2166 1942 itemque]
2205 1880 2360 1929 Nunc
2393 1893 2571 1944 quam-

1516 1949 1692 1999 obrem
1705 1947 1815 1997 dies
1833 1956 1888 1999 et
1901 1957 2083 1999 noctes
2105 1959 2394 2014 augeantur
2409 1961 2465 2002 et
2479 1955 2572 2003 mi·

1516 2031 1754 2074 nnantur.
1778 2023 1944 2075 Lamo.
1999 2025 2132 2075 Dies
2153 2032 2432 2091 noctesque
2455 2029 2572 2078 anni

1515 2099 1740 2149 decursu
1761 2099 1839 2148 sic
1861 2098 2154 2150 increscere
2172 2107 2230 2151 et
2247 2100 2574 2165 decrescere,

1518 2180 1578 2223 nt
1597 2173 1913 2236 prolixitatis
1934 2189 1996 2224 ao
2019 2175 2286 2226 brevitatis
2307 2179 2575 2243 utriusque

1517 2252 1660 2300 vices
1676 2251 1932 2316 exquisite
1951 2267 2046 2316 per
2059 2253 2296 2318 hyemem
2315 2263 2575 2306 estatem·

1518 2341 1622 2390 que
1643 2325 1982 2392 alternentur,
1999 2342 2080 2378 res
2098 2329 2228 2378 mira
2243 2344 2448 2396 semper
2464 2333 2576 2383 visa

1518 2407 1631 2464 θεὶς
1665 2403 1718 2452 id
1742 2416 1862 2452 vero
1883 2401 1964 2465 fit,
1980 2406 2221 2469 qnoniam
2241 2406 2576 2458 circuitiones

1518 2479 1640 2528 solis
1674 2493 1829 2543 supra
1847 2493 1910 2529 ac
1945 2479 2081 2529 infra
2105 2486 2296 2531 terrain
2325 2495 2461 2531 nnnc
2493 2495 2578 2532 ce·

1519 2555 1695 2614 lerius,
1728 2569 1868 2605 nunc
1897 2555 2099 2605 tardius
2137 2555 2288 2618 fiunt,
2319 2566 2578 2622 quatenus

1520 2632 1648 2695 ipsae
1670 2631 1898 2682 locorum
1928 2646 2018 2681 seu
2053 2633 2270 2694 viarum,
2297 2634 2478 2698 quibus
2500 2634 2577 2684 sol

1520 2705 1737 2768 incedit,
1785 2705 2133 2769 longitudines
2179 2716 2301 2758 sunt
2339 2710 2576 2770 alterna,

1521 2797 1627 2831 vss.
1653 2785 1734 2832 16.
1798 2781 1865 2830 ln
1901 2782 2088 2846 quibus
2124 2781 2378 2832 describit
2421 2785 2579 2848 poeta

1520 2857 1794 2925 inaequalia
1814 2873 2024 2909 arcuum
2048 2857 2347 2908 diurnorum
2369 2869 2580 2908 noctur·

1522 2948 1808 3000 noruntque
1825 2939 2092 2998 segmenta
2107 2935 2158 2983 in
2175 2934 2347 2997 positu
2359 2935 2580 2999 spbaeroe

1524 3012 1748 3076 obliquo,
1794 3017 2108 3075 aeqnatorem
2157 3016 2334 3059 tamen
2377 3011 2442 3060 ab
2483 3011 2581 3060 bac

1523 3087 1880 3152 legeexcipit,
1900 3087 2060 3151 quiin
2081 3087 2262 3151 quavis
2281 3087 2434 3135 etiam
2452 3087 2582 3136 obli·

1523 3167 1724 3233 quitate
1749 3165 1802 3214 in
1821 3164 1949 3213 duas
1968 3179 2143 3229 aequas
2167 3171 2340 3228 partes
2362 3165 2428 3212 ab
2449 3162 2581 3212 liori-

1524 3249 1678 3290 zonte
1701 3239 1982 3299 dividitur3
2015 3253 2081 3288 ex
2103 3253 2206 3303 qno
2237 3238 2300 3288 fit
2323 3246 2381 3287 ut
2405 3239 2480 3287 sol
2505 3239 2583 3288 bis

1525 3318 1578 3366 ln
1619 3317 1735 3379 ipso
1771 3315 1908 3363 intra
1934 3328 2120 3363 anunm
2144 3314 2458 3363 constitutus
2479 3313 2584 3363 duo

1525 3392 1694 3442 ubivis
1750 3390 1977 3455 gentium
2028 3387 2188 3439 faciat
2243 3390 2584 3454 aequinoctia:

1525 3467 1646 3516 hinc
1667 3465 1870 3530 signum
1893 3464 2018 3514 illud
2037 3465 2088 3513 in
2105 3480 2206 3529 quo
2224 3465 2411 3515 nodum
2427 3466 2588 3530 aequi·

1527 3542 1804 3592 noctialem
1845 3553 1962 3590 esse
2007 3539 2144 3590 dixit
2191 3539 2586 3605 intelligendum

1528 3619 1726 3684 duplex
1746 3626 1848 3681 est,
1879 3619 1894 3647 ‘
1919 3617 2100 3668 Aries'
2138 3619 2236 3668 viz.
2277 3625 2334 3668 et
2353 3621 2370 3648 ‘
2394 3617 2587 3678 Libra,'

1529 3697 1583 3746 in
1621 3696 1766 3760 cnjus
1808 3695 2075 3759 utriusqne
2117 3693 2267 3744 initio
2307 3702 2488 3743 mutua
2527 3693 2589 3744 fit

1531 3773 1766 3836 signiferi
1814 3771 2196 3836 aquatorisque
2267 3771 2592 3821 intersectio.

1532 3848 1742 3899 Deinde
1805 3846 2065 3910 subjungit
2117 3861 2218 3896 vss.
2263 3853 2312 3898 6.
2376 3846 2431 3895 id
2473 3846 2590 3894 fieri

1531 3939 1708 3988 posse,
1729 3922 1878 3988 -qnod
1901 3928 2047 3971 certa
2069 3928 2192 3970 sunt
2213 3935 2309 3984 per
2343 3920 2591 3969 aetlierem

1533 4001 1823 4062 loca,·quae
1861 3997 2056 4060 possint
2092 4010 2123 4043 a
2153 3996 2262 4044 sole
2296 3995 2365 4044 ob
2393 3993 2591 4048 factam

1534 4075 1784 4136 majorem
1843 4072 2194 4134 minoremque
2253 4070 2595 4120 resistentiam

1538 4149 1762 4212 velocius
1786 4147 2056 4210 segniusve
2074 4145 2324 4209 percurri.
2365 4147 2592 4195 Demnin

1538 4241 1638 4274 vss.
1680 4229 1728 4273 3.
1774 4223 1898 4288 quia
1938 4221 2150 4271 alteruis
2189 4221 2308 4269 anni
2360 4220 2593 4284 partibus

1538 4301 1738 4352 tardius
1785 4305 1874 4350 aut
1927 4297 2080 4348 citius
2135 4297 2446 4356 conveniant
2505 4295 2594 4347 isti
