3200 4959
563 405 738 472 1484

1274 420 1487 470 No'rAE
1540 415 1938 468 vAltloRUM
1990 419 2068 466 IN

575 608 581 620 ,
631 569 713 616 99,
730 562 955 625 Accidat]
990 562 1215 614 Quidam
1241 579 1255 612 ε
1282 561 1490 612 Accidit.
1515 561 1626 612 Gif.
1701 560 1936 624 teneam)
1976 567 2122 611 recte
2147 559 2338 610 dicitur
2363 575 2394 608 e
2416 557 2688 623 Lucretio,
2713 567 2772 610 et

570 681 583 690 .
633 639 878 701 Exitium]
912 639 1141 688 Subaudi
1176 637 1255 700 τὸ,
1288 653 1499 703 nempe,
1532 644 1630 688 &c-

568 717 733 766 Lamb.

572 831 579 839 .
632 798 725 842 101
760 791 914 853 Ante]
948 792 1123 854 Junge
1146 804 1263 838 cum
1297 788 1630 840 ‘insolitamss

562 867 730 918 Lamb.

568 985 579 992 .
632 950 727 994 102
766 945 1027 998 Oculorum,
1054 942 1247 992 subdere
1283 942 1407 1005 uisu]
1444 941 1629 992 Oculis

564 1019 847 1083 subjicere.
882 1019 897 1044 ‘
920 1007 1070 1079 visn,'
1112 1019 1147 1065 i.
1168 1032 1217 1066 e.
1241 1017 1390 1068 visui.
1431 1017 1595 1066 Lamia.

567 1127 580 1152 ,
630 1100 725 1144 103
767 1097 865 1144 Nec
884 1094 1051 1154 jacere
1071 1095 1185 1142 endo
1211 1093 1398 1156 manus]
1436 1094 1469 1144 J
1476 1107 1630 1142 acere

564 1171 617 1220 in
660 1185 859 1232 manus,
901 1171 936 1219 i.
966 1185 1013 1219 e.
1050 1170 1286 1228 sensibus
1328 1171 1632 1235 subjicere3

564 1247 785 1310 probare
841 1246 1138 1294 testimonio
1192 1261 1453 1308 sensuum,
1512 1261 1630 1310 quae

562 1322 681 1387 {via
705 1320 979 1384 proxime,’
1012 1322 1044 1369 i.
1070 1335 1117 1371 e.
1146 1328 1261 1370 tute
1296 1317 1357 1371 et
1392 1337 1634 1386 compen-

566 1398 854 1446 diosissima
882 1403 965 1446 est
1004 1397 1071 1444 ad
1112 1399 1223 1446 veri
1262 1399 1632 1462 cognitionem,

568 1477 667 1522 &c.
702 1474 879 1522 Faber.
1476 1523 1481 1530 ,

569 1588 577 1601 .
630 1551 757 1598 Indu
780 1550 966 1612 marcus]
1005 1549 1065 1598 Iu
1106 1564 1303 1599 manus.
1335 1550 1536 1599 ‘endo'
1574 1556 1632 1600 et

564 1626 579 1652 ‘
604 1625 758 1673 indu’
793 1625 1195 1688 ,praepositiones
1230 1626 1473 1690 antiquae,
1514 1641 1632 1690 quae

567 1701 766 1752 valent.
788 1702 874 1749 in:
916 1702 931 1728 ‘
945 1701 1158 1764 jacere'
1198 1710 1369 1750 autem
1402 1703 1489 1750 ‘iu
1524 1718 1631 1752 ma-

566 1776 700 1838 nus,'
754 1776 787 1825 i.
818 1791 867 1826 e.
916 1777 1151 1826 manibus
1206 1779 1632 1828 contrectandum

567 1851 708 1900 dare.
739 1851 905 1900 Lumb.
972 1853 1113 1901 Eudo
1154 1867 1334 1900 manus.
1402 1853 1491 1902 lta
1528 1863 1631 1905 vet.

564 1926 701 1978 libri.
767 1929 924 1991 Vulg.
952 1929 1089 1976 Indu.
1125 1927 1304 1977 Gifan.

570 2047 577 2060 ,
632 2004 763 2066 Qua]
819 2006 927 2053 Per
974 2021 1125 2068 qnam
1169 2013 1391 2067 partem,
1444 2021 1632 2070 nempe

567 2093 663 2142 per
684 2094 888 2129 sensum
916 2081 1183 2144 tangendi,
1218 2089 1273 2130 et
1306 2096 1509 2132 sensum
1557 2085 1630 2132 vi·

568 2156 741 2205 deudi.
762 2158 930 2209 Lamb.
1621 2208 1640 2234 x

633 2235 727 2280 104
779 2234 1033 2298 Proxima]
1087 2238 1187 2286 Via
1240 2239 1461 2288 maxime
1514 2253 1632 2302 pro-

568 2308 793 2370 pinqua:
829 2323 892 2356 ea
914 2311 1051 2360 euim
1104 2315 1327 2362 maxime
1354 2315 1632 2377 eredimus,

570 2399 685 2447 quae
706 2384 964 2437 ceruimus
988 2394 1043 2434 et
1062 2389 1334 2450 tangimus.
1366 2391 1531 2438 Lumb.
1560 2413 1565 2416 ·

568 2499 577 2514 ,
636 2461 911 2523 Templaque
932 2464 1128 2525 mentis]
1158 2467 1415 2528 Mentem,
1436 2468 1517 2516 vel
1539 2481 1630 2530 po·

568 2537 672 2586 tius
696 2539 885 2586 mentis
900 2539 1297 2607 sedem‚nempe
1321 2545 1630 2606 praecordia,

564 2629 657 2664 seu
680 2623 883 2679 pectus,
916 2633 979 2664 ex
1004 2621 1261 2668 sententia
1288 2621 1499 2684 Epicuri
1521 2637 1534 2670 z
1568 2629 1630 2671 nt

567 2705 683 2755 sup.
724 2691 965 2756 diximus,
1008 2700 1059 2746 3.
1098 2701 1206 2746 141.
1243 2699 1439 2762 ‘quue
1474 2699 1631 2748 situm

565 2770 741 2818 media
762 2773 974 2835 regione
999 2775 1049 2822 in
1072 2777 1300 2838 pectoris
1338 2777 1538 2827 hier-etl
1574 2784 1630 2826 et

562 2846 653 2896 lib.
678 2852 727 2897 2.
764 2849 987 2912 princip.
1019 2852 1033 2878 ⁴
1057 2853 1183 2900 Tum
1208 2868 1425 2902 vacuum
1446 2863 1628 2916 pectus

564 2924 827 2988 linquunt,
846 2941 1070 2992 curaque
1104 2931 1365 2978 solutum!
1399 2931 1563 2981 Lamb-

634 3007 727 3051 1⁰5
752 3003 929 3058 ‚Dictis
946 3005 1079 3053 dabit
1096 3006 1365 3071 ipsafidem
1393 3022 1472 3056 res
1508 3007 1628 3054 For—

564 3079 717 3143 sitan]
752 3080 798 3128 1.
819 3092 865 3129 e.
908 3080 1083 3130 forsan
1131 3098 1215 3132 res
1260 3085 1393 3146 ipsa,
1437 3096 1628 3148 nempe

564 3159 743 3208 muudi
796 3161 1063 3223 interitus„
1118 3161 1272 3211 fidem
1328 3165 1630 3213 conciliabit

564 3235 693 3284 meis
715 3235 903 3300 verbis,
927 3245 978 3286 te
1004 3239 1139 3300 vivo,
1161 3246 1215 3288 et
1235 3240 1468 3289 vidente:
1510 3254 1628 3290 cum

566 3327 765 3364 omnem
781 3317 917 3366 hunc
932 3318 1177 3365 mundum
1196 3319 1548 3382 conquassari,
1572 3325 1630 3368 et

568 3391 862 3455 concidere,
920 3400 975 3442 et
1014 3394 1221 3442 dissolvi
1264 3409 1469 3458 cernes,
1518 3405 1626 3446 tum

566 3469 691 3516 mihi
714 3468 916 3518 credes.
950 3470 1119 3520 Lamb.

634 3549 730 3594 108
786 3546 995 3608 Flectat]
1055 3547 1295 3597 Avertat.
1362 3549 1527 3598 Lamb.
1576 3555 1629 3598 et

568 3619 741 3670 Faber.

631 3698 848 3746 Fortuna
890 3699 1178 3763 gubernans]
1220 3701 1465 3750 Nonnulli
1509 3701 1627 3750 libri

564 3772 758 3822 habent
780 3781 952 3824 natura
967 3778 1251 3842 gubernans,
1270 3787 1325 3827 ut
1350 3795 1503 3842 supra
1526 3794 1627 3828 non

564 3850 734 3916 longe.
800 3853 911 3916 Ego
934 3855 1059 3902 nihil
1093 3863 1253 3906 muto.
1312 3857 1447 3905 Nam
1488 3858 1547 3920 si,
1570 3863 1632 3906 ut

562 3927 651 3978 'ille
676 3928 816 3991 apud
841 3930 1120 3982 Minutinm
1145 3933 1195 3980 in
1223 3933 1417 3982 Octav.
1454 3933 1630 3998 dispu-

566 4010 664 4066 tat,
686 4006 769 4054 vel
793 4004 1001 4056 fortuna
1020 4015 1185 4070 certa,
1208 4012 1291 4058 vel
1316 4010 1518 4059 incerta
1540 4026 1629 4059 na-

566 4086 682 4129 tura
718 4089 818 4143 est,
862 4097 1029 4148 neque
1065 4084 1206 4134 Deus
1246 4101 1421 4135 curam
1468 4088 1632 4137 habet

564 4170 738 4204 rerum
773 4159 1126 4223 humanarum,
1155 4163 1321 4228 (quod
1354 4163 1501 4214 dictu
1525 4165 1632 4230 qui-

566 4233 684 4283 dem
730 4233 985 4284 nefarium
1010 4243 1067 4287 et
1129 4240 1341 4303 impium
1389 4247 1487 4303 est,
1538 4241 1629 4290 sed

566 4325 739 4368 tamen
772 4311 1145 4377 Epicureorum
1188 4318 1377 4368 rationi
1416 4335 1627 4370 consen·

1707 639 1792 696 hic
1828 637 2064 687 ‘fortuna
2089 639 2416 700 gubernans?
2437 645 2492 686 et
2515 637 2622 686 illic
2645 640 2660 666 ‘
2677 653 2770 689 na-

1711 713 1864 763 tn'rass
1893 714 2064 763 Lamb.
2133 714 2358 765 Quidam
2385 714 2500 762 libri
2525 728 2538 760 t
2571 719 2772 762 natura.

1709 791 1841 852 Ego,
1866 789 2302 851 forluuu,malim;
2329 805 2446 842 nam
2472 789 2630 838 illud:
2667 792 2774 841 ‘Et

1708 868 1841 915 ratio
1895 866 2104 930 potius‚’
2153 866 2436 929 respondet
2471 865 2772 920 ‘fortunael

1706 942 1877 1005 Supra
1921 959 1994 992 vs.
2019 947 2097 991 78.
2128 942 2300 991 dixit:
2335 943 2350 970 ‘
2373 949 2562 992 natura
2584 942 2773 1004 guber·-

1709 1022 1872 1071 nans!
1939 1023 2082 1072 Hinc
2121 1029 2177 1072 et
2197 1021 2350 1072 hicin
2371 1020 2678 1086 quibusdam
2711 1021 2776 1071 li-

1708 1096 1815 1146 bris
1867 1103 1987 1146 est:
2043 1103 2234 1146 natura.
2306 1096 2621 1159 Epicureum
2667 1103 2774 1158 est,

1711 1174 1880 1222 omnia
1910 1173 2144 1223 tribuere
2165 1172 2406 1224 fortunae.
2445 1172 2615 1233 Gisan.

1713 1277 1718 1286 ·
1775 1254 1870 1299 110
1943 1250 2216 1313 Succidere]
2293 1251 2490 1300 Subter
2559 1250 2769 1300 cadere.

1711 1327 1882 1376 Lamb.
1909 1374 1914 1379 .

1775 1408 1868 1453 111
1907 1406 2016 1460 Qua
2045 1405 2176 1467 prim
2191 1404 2464 1466 adgredior,
2487 1402 2592 1465 ξω]
2627 1403 2768 1454 Quo-

1709 1480 1848 1530 niam
1888 1495 2010 1530 vero
2043 1482 2334 1531 Stoicorum
2377 1481 2602 1540 vanitas,
2647 1479 2770 1527 alio·

1710 1573 1821 1606 rum
1866 1558 2173 1622 ignorantia,
2203 1565 2259 1608 et
2298 1558 2436 1622 vulgi
2469 1557 2772 1620 superstitio

1710 1635 2196 1697 multa'praejudicia
2215 1634 2336 1684 huic
2361 1633 2588 1696 opinioni
2605 1647 2769 1694 oppo-

1709 1717 1938 1773 suerant,
1971 1712 2060 1759 illa
2097 1711 2266 1759 omnia
2295 1709 2538 1759 emolitur
2579 1708 2770 1757 Lucre·

1711 1786 1854 1846 tins;
1891 1793 1946 1834 et
1987 1785 2153 1848 primo
2191 1799 2291 1835 vss.
2335 1789 2416 1834 36.
2449 1783 2652 1833 Stoicos
2691 1795 2771 1832 re-

1709 1860 1866 1910 futat.
1933 1862 2144 1925 Quippe
2183 1861 2270 1910 isti
2311 1857 2544 1909 homines
2587 1860 2772 1922 solem,

1710 1937 1906 1998 lunam,
1927 1952 2088 1998 mare,
2117 1945 2301 1998 terras,
2337 1943 2504 1985 totum
2543 1935 2770 1998 denique

1709 2013 1954 2062 mundum
1994 2014 2182 2076 spiritu
2215 2013 2352 2062 intus
2387 2010 2559 2062 infuso
2581 2011 2772 2060 auima-

1712 2098 1820 2137 tum
1862 2091 2034 2138 Deum
2077 2103 2194 2137 esse
2227 2088 2516 2138 voluerunt.
2582 2087 2770 2136 Manil-

1713 2172 1758 2216 l.
1775 2171 1889 2215 258.
1910 2167 1927 2195 ‘
1951 2166 2070 2215 Hoc
2093 2180 2224 2228 opus
2245 2165 2482 2214 immensi
2505 2171 2772 2214 construc-

1711 2248 1821 2291 tum
1845 2257 2064 2305 corpore
2079 2241 2277 2303 mundi,
2311 2241 2651 2304 Membraque
2674 2253 2770 2288 na·

1715 2326 1846 2368 turae
1889 2319 2096 2368 diversa
2135 2318 2346 2367 condite
2387 2316 2553 2365 forma
2596 2315 2770 2376 Aeris,

1713 2405 1870 2459 atque
1893 2395 2046 2457 ignis,
2080 2401 2258 2454 terrae,
2289 2393 2564 2456 pelagique
2591 2392 2772 2455 jecen-

1713 2472 1779 2520 tis
1803 2472 1892 2520 Vis
1916 2471 2100 2520 animae
2125 2471 2302 2519 divina
2325 2471 2484 2533 regit,
2517 2482 2770 2532 sacroque

1709 2554 1886 2598 meatu
1931 2549 2208 2610 Conspirat
2249 2547 2410 2604 Deus,
2436 2551 2490 2594 et
2512 2545 2672 2595 tacita
2694 2559 2768 2592 rn-

1711 2625 1851 2672 tione
1869 2623 2158 2686 gubernat.'
2213 2624 2326 2672 Hos
2348 2629 2521 2670 antem
2543 2629 2772 2671 contem·

1709 2701 1786 2749 nit
1808 2700 1980 2763 poeta,
2001 2708 2057 2750 et
2095 2701 2426 2762 indignatur-3
2465 2699 2769 2762 injuriarum

1707 2776 1878 2824 forsan
1901 2790 2113 2839 memor,
2141 2789 2240 2825 nec
2279 2789 2527 2838 nugarum
2552 2774 2770 2837 patiens.

1709 2852 1900 2900 Creeck.
2033 2891 2040 2898 .

1739 2963 1745 2970 .
1769 2933 1862 2977 111
1903 2929 2138 2992 Fundere]
2173 2929 2408 2979 Tralatio
2431 2934 2528 2976 est.
2551 2927 2626 2974 sic
2649 2940 2768 2988 sup.

1705 3021 1782 3054 vs.
1799 3010 1846 3054 3.
1880 3004 2130 3055 ‘fundere
2154 3005 2372 3055 laudes.'
2405 3005 2566 3053 Lumb.

1772 3088 1866 3132 112
1913 3083 2158 3145 Sanctius,
2193 3088 2240 3132 et
2273 3085 2438 3144 multo,
2491 3080 2594 3144 ξω]
2650 3078 2758 3128 Hic

1707 3175 1900 3224 versus,
1923 3168 1976 3210 et
2001 3161 2087 3222 qui
2115 3160 2352 3224 proxime
2383 3158 2638 3221 sequitur,
2655 3155 2770 3218 jam

1707 3254 1864 3302 supra
1921 3239 2114 3302 positus
2167 3243 2344 3287 exstat
2395 3236 2528 3285 libro
2584 3236 2773 3298 primo.

1705 3315 1875 3366 Lamb.
2255 3351 2261 3360 .
2827 3314 2834 3320 '

1771 3396 1864 3441 114
1894 3393 2050 3442 Multa
2073 3392 2182 3454 tibi,
2216 3389 2321 3455 δῖα]
2357 3390 2509 3439 Prius
2533 3388 2769 3453 quaedam

1705 3468 2344 3530 removetimpedimenta‚
2375 3481 2492 3531 quae
2533 3473 2588 3514 et
2615 3465 2772 3526 objici

1707 3551 1938 3607 possent,
1991 3553 2047 3594 et
2106 3545 2376 3593 deterrere
2447 3543 2769 3601 Memmium,

1705 3636 1856 3686 qnam
1901 3621 1966 3671 ad
2034 3622 2372 3684 quaestionem
2431 3619 2769 3684 praecipuam,

1705 3697 1958 3747 Mundum
1990 3697 2340 3757 interiturum,
2372 3696 2567 3744 veniet.
2631 3693 2771 3742 Vide

1705 3775 1856 3822 etiam
1883 3775 2120 3823 Macrob.
2143 3773 2236 3823 lib.
2259 3777 2309 3822 2.
2339 3773 2390 3822 in
2418 3773 2594 3822 Somm
2625 3769 2770 3834 Scip.

1709 3850 1876 3909 Gifan.

1771 3929 1940 3978 Doctis
1967 3926 2133 3988 dietis]
2166 3927 2252 3976 Sic
2291 3927 2515 3975 Plautus
2561 3921 2768 3971 Asinar.

1703 4009 1754 4054 3.
1777 4011 1822 4055 1.
1845 4009 1924 4053 21.
1955 4005 1970 4032 ‘
1989 4016 2052 4053 an
2077 4011 2133 4052 tu
2157 4003 2249 4052 tibi
2276 4001 2454 4051 Verba
2473 3999 2665 4048 blanda
2681 4013 2772 4046 au-

1699 4095 1820 4129 ·rum
1855 4081 2000 4130 rere?
2042 4079 2185 4128 dicta
2223 4079 2382 4128 docta
2428 4091 2524 4140 pro
2571 4074 2707 4124 datis
2731 4073 2770 4121 ?’

1709 4158 1858 4207 Idem
1907 4158 1956 4205 in
2007 4158 2347 4206 Trinummot
2401 4154 2616 4204 ‘Multa
2667 4160 2770 4213 ego

1709 4247 1914 4296 possum
1938 4232 2096 4281 docta
2118 4232 2280 4288 dicte,
2321 4236 2378 4280 et
2415 4227 2650 4294 quamvis
2691 4225 2773 4274 fa·-

1707 4309 1877 4361 cuude
1899 4309 2076 4373 loqui,'
2097 4312 2196 4359 &00
2265 4308 2352 4358 Sic
2385 4305 2524 4356 idem
2559 4303 2690 4353 dixit
2715 4301 2772 4350 in
