3200 4959
656 421 827 488 1500

657 578 851 628 tionem
896 585 1147 642 exputare
1184 593 1285 626 non
1318 593 1542 642 possam.
1564 579 1711 629 docti

658 654 867 717 qnidam
880 654 931 702 in
957 668 1084 702 voce
1102 667 1327 716 proporro
1342 652 1582 702 mendum
1594 654 1712 704 sab-

660 742 771 776 esse
800 727 1149 791 suspicantur,
1172 736 1233 778 et
1252 729 1526 791 legendum
1556 744 1716 792 prore-

658 807 735 852 tro
778 811 1008 853 censent.
1099 804 1213 867 Ego
1251 817 1387 852 nnnc
1440 811 1716 867 utramque

661 893 884 942 versum,
908 886 967 928 et
988 893 1105 928 enm
1128 879 1281 942 quiin
1300 877 1563 926 codicibus
1581 878 1714 929 anti·

660 955 772 1018 quis
810 956 1088 1019 reperitur,
1111 961 1167 1004 et
1182 967 1301 1004 eum
1317 953 1405 1017 qui
1426 953 1477 1002 in
1496 954 1719 1016 vulgatis

664 1037 719 1079 et
742 1029 1140 1093 recentioribus,
1162 1031 1392 1094 spurium
1414 1036 1468 1079 et
1481 1028 1719 1092 supposi-

664 1111 777 1155 tam
825 1119 939 1154 esse
974 1105 1213 1155 arbitror.
1253 1105 1423 1155 Lamb.
1492 1106 1721 1161 Qnoerere

656 1195 885 1245 proporro
916 1181 1009 1230 sibi
1040 1196 1233 1244 cumque
1262 1195 1496 1231 senescere
1516 1178 1720 1232 eredas?

661 1259 749 1308 Ita
769 1260 889 1310 libri
910 1267 1015 1311 vet.
1067 1259 1129 1308 In
1151 1259 1478 1324 quibusdam,
1490 1262 1722 1324 omnique.

662 1333 934 1383 Sententia
951 1334 1155 1386 videtur
1171 1351 1186 1383 :
1212 1340 1270 1384 nt
1284 1336 1485 1395 credas,
1500 1350 1565 1385 ea
1580 1351 1720 1400 qnae·

662 1423 783 1458 rere
798 1409 894 1458 sibi
912 1406 1181 1474 aliquando
1194 1417 1537 1460 senectutem.
1565 1410 1721 1460 Hatid

666 1486 775 1535 scio
798 1486 973 1547 etiam,
1008 1501 1072 1535 an
1106 1487 1176 1535 sit
1211 1487 1433 1550 spurius.
1468 1487 1724 1535 Marullus

667 1561 857 1624 primns
892 1569 947 1610 et
984 1561 1120 1610 bunc
1149 1561 1491 1623 depravavitz
1546 1563 1726 1610 Cedere

661 1649 883 1697 proporro
901 1636 1143 1698 subitoque
1157 1650 1389 1685 senescere
1416 1651 1552 1686 casn.
1586 1639 1722 1690 Qum

671 1710 785 1759 lisso
808 1717 890 1758 est
910 1710 1261 1772 impudentia?
1298 1711 1473 1771 Gifan.
1544 1713 1724 1763 Cedere

662 1798 894 1848 proporro
924 1784 1163 1848 subitoque
1187 1799 1422 1835 senescere
1456 1792 1602 1836 casn?
1639 1787 1726 1836 Ita

667 1867 968 1910 constanter
1016 1861 1216 1910 habent
1268 1868 1378 1911 vet.
1434 1861 1574 1923 libri,
1629 1861 1726 1910 nisi

669 1937 807 2000 qnod
842 1938 895 1986 in
928 1936 1229 2002 quibusdam
1265 1937 1473 1999 legitur,
1497 1937 1728 1999 Omnique

664 2026 890 2076 proporro
922 2013 1163 2076 subitoque
1192 2027 1424 2062 senescere
1438 2028 1549 2061 casu
1562 2010 1588 2062 2
1621 2012 1727 2062 Sed

670 2089 790 2138 vide
829 2103 981 2154 qnam
1016 2090 1069 2138 in
1106 2092 1199 2138 boc
1234 2103 1425 2153 genere
1458 2089 1727 2138 literarum

673 2165 745 2213 nil
792 2165 1070 2230 quidquam
1113 2168 1376 2229 neglectui
1412 2168 1497 2216 sit.
1574 2166 1729 2217 Istud

670 2240 884 2301 omnique
906 2240 1141 2288 vitiosum
1175 2249 1275 2304 cst,
1296 2257 1461 2306 neque
1494 2243 1599 2292 erit
1637 2257 1730 2292 nn-

672 2327 847 2377 qnam,
888 2314 941 2362 id
978 2322 1039 2363 ut
1082 2317 1168 2363 vel
1210 2315 1411 2367 διανοίας
1456 2319 1540 2368 vel
1574 2319 1730 2367 metri

678 2389 813 2437 ratio
852 2391 963 2452 pati
1018 2391 1223 2454 possit3
1278 2402 1334 2441 et
1390 2399 1563 2442 tamen
1614 2395 1729 2458 ejus

674 2464 825 2512 unius
856 2466 1053 2514 voculas
1088 2480 1187 2528 ope
1218 2467 1441 2530 vestigia
1463 2482 1600 2518 veroe
1625 2470 1731 2518 lec-

675 2539 833 2589 tionis
864 2540 1317 2603 deprehendimus.
1384 2544 1489 2593 Sed
1522 2544 1732 2606 largiori

676 2628 916 2664 sermone
970 2630 1099 2678 opus
1144 2625 1263 2677 est3
1336 2619 1481 2682 cujus
1528 2621 1731 2668 veniam

674 2689 918 2752 petimus.
938 2691 1164 2741 Dixerat
1177 2701 1360 2742 antea:
1399 2693 1587 2742 Nonne
1605 2694 1731 2758 lapi-

672 2765 765 2816 des
788 2774 846 2818 et
876 2775 1152 2818 structurae
1187 2769 1524 2820 aedificiorum
1560 2776 1734 2832 ruant,

674 2851 729 2890 et
754 2850 926 2892 turres
956 2857 1019 2892 ac
1040 2857 1169 2893 saxa
1190 2844 1257 2894 ab
1284 2859 1398 2894 aevo
1431 2847 1735 2896 vincuntur?

676 2933 849 2968 nonne
892 2922 1008 2983 ipsa
1045 2924 1260 2983 templa,
1292 2923 1616 2985 sedentibus,
1655 2933 1733 2974 at-

676 3009 778 3058 que
800 2995 957 3044 etiam
991 2996 1169 3045 invitis
1204 2997 1341 3061 Diis,
1364 3000 1505 3046 senio
1528 2999 1736 3048 defessa

673 3068 951 3120 labuntur?
984 3071 1279 3136 Omniaque
1296 3078 1353 3121 ut
1388 3086 1559 3136 porro,
1586 3074 1734 3136 cujus

675 3145 765 3194 illa
788 3161 1007 3211 cumque
1048 3149 1253 3212 generis
1284 3147 1410 3211 sint,
1444 3162 1735 3210 senescere,

678 3222 845 3285 abire,
864 3225 1029 3286 obire,
1062 3225 1231 3288 perire
1273 3232 1333 3275 nt
1370 3225 1574 3286 credas,
1611 3239 1736 3274 non·

678 3311 745 3347 ne
778 3308 831 3349 et
855 3301 1025 3350 silices
1058 3301 1213 3363 ipsos,
1236 3315 1513 3366 rupesque,
1534 3301 1734 3351 solidis-

680 3375 807 3424 sima
846 3382 1003 3424 terrae
1038 3391 1273 3441 corpora,
1312 3393 1587 3428 senescere
1613 3386 1734 3429 ante

680 3451 857 3500 oculos
896 3451 1074 3499 vides?
1108 3453 1259 3501 Nunc
1282 3453 1451 3502 locum
1477 3454 1734 3517 integrum

682 3541 956 3590 exponam,
993 3535 1049 3577 et
1086 3529 1162 3576 ita
1193 3543 1469 3591 exponam,
1508 3531 1583 3579 uti
1635 3531 1736 3579 dis-

682 3603 851 3665 tingui
884 3610 937 3652 et
970 3605 1073 3666 legi
1112 3602 1311 3654 debere
1351 3605 1585 3658 videtur:
1633 3607 1736 3656 De-

680 3681 822 3742 nique
850 3695 946 3728 non
988 3681 1170 3744 lapides
1206 3697 1381 3745 qaoque
1417 3684 1544 3732 vinei
1584 3685 1739 3734 cernis

680 3754 743 3801 ab
763 3759 895 3802 sevo?
929 3756 1040 3804 Non
1072 3757 1195 3803 altas
1214 3761 1369 3805 turres
1398 3772 1549 3819 ruere,
1572 3764 1619 3807 et
1649 3775 1736 3822 pu-

682 3835 881 3881 trescere
911 3830 1063 3882 saxa?
1105 3833 1217 3882 Non
1249 3833 1443 3883 delubra
1463 3835 1638 3898 Deum,
1671 3839 1736 3885 si-

684 3909 978 3971 mulacroque
997 3908 1131 3967 fesso
1154 3908 1357 3968 fatisci?
1391 3911 1494 3960 Nee
1525 3919 1740 3962 sanetum

690 3999 859 4033 numen
887 3984 992 4045 fati
1024 3985 1272 4047 protollere
1294 3986 1424 4049 fines
1445 3987 1636 4040 Posse?
1657 4005 1737 4039 ne·

688 4073 776 4121 qne
796 4061 1017 4110 adversus
1036 4064 1224 4109 natura
1242 4061 1430 4119 foedera
1452 4064 1545 4113 niti
1568 4062 1592 4114 2
1625 4063 1694 4094 *¹
1707 4064 1738 4095 ¹¹*

688 4132 830 4195 [hinc
866 4147 1067 4183 versum
1112 4135 1335 4197 sustuli]
1393 4138 1656 4202 Omniaque
1685 4145 1739 4190 nt

682 4223 827 4272 porro
865 4211 1109 4272 subitoque
1150 4225 1381 4261 senescere
1400 4215 1585 4277 aedas,
1627 4216 1742 4264 Non

686 4297 823 4334 ruere
855 4285 1035 4335 avolsos
1066 4286 1221 4336 silices
1257 4304 1287 4337 a
1318 4292 1554 4342 montibus
1588 4291 1742 4342 altis?

1352 437 1567 488 NOTAE
1613 437 2019 490 vammum
2069 438 2151 486 ΙΝ

1787 579 2151 644 Repetendnm
2185 585 2359 628 antem
2380 578 2472 628 ἀπὸ
2499 579 2654 628 κοινοῦ
2693 578 2848 628 emis

1787 670 1853 704 ex
1874 671 1948 704 vs.
1969 659 2016 704 1.
2041 654 2180 702 unde
2201 659 2397 703 ceterae
2413 654 2849 717 interrogationes

1789 730 2041 792 pendent.
2109 729 2196 778 De
2247 743 2340 776 nsn
2383 728 2538 791 hujus
2579 729 2852 792 particula

1787 804 1802 831 ⁸
1823 803 2074 868 cumque'
2093 803 2323 854 dicerem
2344 804 2483 867 quod
2508 802 2730 852 fortasse
2749 817 2853 852 non

1791 879 2144 942 poenitendum
2169 887 2341 940 esset3
2375 879 2468 928 sed
2493 880 2620 928 satis
2641 880 2694 928 in
2717 893 2854 942 proe·

1793 969 1912 1006 sens
1949 953 2127 1018 fuerit,
2172 956 2378 1004 unicum
2417 955 2628 1004 Horatii
2665 957 2857 1017 locum,

1792 1030 1882 1093 qni
1904 1029 2090 1078 doctos
2113 1030 2282 1090 torsit,
2321 1027 2526 1092 afferre,
2564 1031 2669 1079 od.
2692 1037 2739 1080 1.
2773 1035 2858 1088 82.

1796 1108 1874 1154 16.
1909 1104 2065 1152 ‘mihi
2101 1119 2324 1168 cumque
2357 1106 2498 1154 salve
2521 1107 2645 1155 Rite
2667 1120 2858 1154 vocan-

1795 1179 1876 1230 ti?
1941 1178 2148 1228 Addam
2188 1185 2412 1243 tantum,
2455 1182 2510 1230 in
2555 1197 2710 1230 versu
2749 1182 2860 1244 illo,

1796 1258 1909 1306 Non
1926 1256 2120 1306 delubro
2136 1257 2310 1319 Deum,
2333 1257 2694 1321 Simulat-aque
2721 1259 2858 1320 fessa

1783 1329 1990 1391 sainct?
2021 1331 2186 1381 videri
2219 1346 2394 1394 posse,
2431 1349 2744 1398 quamquam
2780 1335 2854 1383 nil

1794 1405 2015 1468 affirmo,
2035 1407 2330 1470 legendum,
2364 1409 2718 1470 Sintula-mque
2733 1409 2860 1474 fissa

1783 1481 2001 1543 fatisci?
2035 1484 2170 1534 Nam
2193 1490 2250 1532 et
2269 1485 2369 1534 huc
2393 1485 2688 1548 respexisse
2725 1485 2860 1534 Hor.

1795 1557 1908 1606 Sat.
1945 1561 1997 1606 2.
2032 1562 2082 1608 5.
2120 1561 2202 1606 39.
2241 1557 2489 1620 arbitror,
2537 1561 2553 1586 ‘
2580 1573 2672 1608 seu
2701 1559 2862 1608 rubra

1798 1633 2034 1681 canicula
2054 1632 2220 1682 findet
2238 1632 2478 1685 Infantes
2501 1633 2742 1695 statuas,’
2757 1637 2861 1684 &c-

1800 1709 1941 1757 Dein
1995 1723 2114 1758 cum
2165 1706 2396 1758 ‘fessus’
2447 1715 2504 1758 et
2548 1710 2564 1737 ‘
2585 1708 2822 1758 defessus
2844 1708 2859 1730 '

1797 1782 1927 1833 fiant
1950 1798 1983 1834 a
2002 1782 2176 1832 fatisci
2199 1791 2256 1832 et
2279 1782 2536 1846 defatisci,
2557 1784 2710 1832 valde
2735 1783 2861 1834 mibi

1798 1859 2050 1916 credibile
2085 1860 2154 1908 sit
2186 1861 2453 1924 scripsisse
2489 1861 2722 1909 hocloco
2759 1861 2864 1918 Lu,-

1799 1935 2410 1998 cretinm,seesasotisei?
2458 1938 2660 1988 Scimus
2683 1945 2862 1986 tamen

1799 2011 2056 2075 adificiis,
2077 2014 2304 2074 templis,
2327 2013 2503 2074 muris,
2527 2021 2758 2076 aetatem,
2779 2026 2862 2063 se-

1801 2088 1960 2150 nium,
1997 2091 2095 2139 &c.
2137 2089 2316 2150 tribui,
2356 2097 2513 2152 atque
2553 2089 2684 2138 adeo
2721 2095 2866 2139 stare

1801 2178 1958 2236 posse
1988 2164 2054 2214 τὰ
2074 2167 2246 2225 seen,-
2279 2174 2334 2214 et
2370 2164 2462 2229 qai
2496 2164 2544 2214 id
2589 2163 2860 2227 probabit,

1803 2240 1931 2289 nihil
1948 2239 2168 2301 feceri13
2201 2253 2317 2288 narn
2343 2239 2418 2300 id,
2437 2239 2504 2288 ad
2523 2254 2603 2288 me
2625 2239 2867 2302 quidem,

1803 2317 1932 2364 nibil
1953 2323 2074 2376 θεῖς
2107 2315 2454 2378 conjecturam
2497 2315 2632 2364 enim
2672 2314 2862 2377 affero,

1804 2406 1906 2440 non
1929 2391 2357 2440 emendationem.
2400 2391 2570 2442 Faber.
2621 2388 2866 2440 Gifanins

1808 2468 2031 2522 Quoerere
2047 2481 2136 2530 pro
2153 2481 2293 2530 porro
2313 2467 2407 2516 sibi
2431 2481 2610 2529 cunque
2627 2479 2864 2515 senescere

1801 2543 1983 2592 credas.
2021 2543 2055 2591 i.
2081 2559 2131 2591 e.
2165 2550 2226 2593 ut
2259 2543 2440 2593 credas
2481 2557 2546 2592 ea
2583 2541 2865 2606 aliqnando

1805 2618 1906 2668 sibi
1929 2633 2162 2682 quaerere
2185 2623 2539 2668 senectutem:
2566 2617 2656 2667 sed
2681 2618 2865 2666 melior

1807 2696 2020 2758 vulgata
2049 2696 2228 2746 lectio.
2261 2695 2429 2745 Faber
2463 2702 2640 2744 autem
2671 2695 2863 2759 rejicit,

1807 2774 2024 2836 Denique
2043 2788 2134 2822 non
2156 2777 2470 2834 monumenta,
2509 2775 2592 2834 ξε.
2627 2778 2682 2821 et
2715 2771 2864 2834 legit,
2905 2777 2910 2782 '

1812 2850 2072 2911 Omniaque
2092 2854 2146 2896 nt
2171 2862 2330 2910 porro,
2358 2848 2600 2910 subitoque
2629 2861 2868 2896 senescere

1805 2928 1988 2985 eredes,
2027 2925 2140 2972 Non
2191 2937 2329 2972 ruere
2369 2925 2567 2984 oraison,
2609 2924 2694 2976 ἅτ.
2757 2922 2867 2972 Sed

1807 3001 1926 3050 huic
1965 3002 2120 3050 etiam
2145 3001 2455 3063 conjecturas
2477 3000 2736 3061 vulgatam
2762 2999 2867 3050 lec-

1810 3075 2004 3124 tionem
2048 3074 2270 3124 libenter
2315 3074 2610 3138 praeferam.
2669 3075 2867 3124 Creeeh.

1809 3150 1997 3200 Placet
2015 3151 2183 3200 Vossii
2207 3164 2300 3200 sen
2309 3151 2632 3212 conjectura,
2651 3164 2745 3200 seu
2763 3149 2866 3200 lec-

1809 3225 1905 3287 tio,
1937 3225 2010 3274 ita
2026 3225 2389 3289 distinguenda
2411 3242 2424 3274 ε
2463 3227 2583 3281 Quoe
2604 3240 2742 3275 ruere
2759 3241 2870 3288 pro·

1805 3316 1948 3365 porro
1960 3301 2047 3364 ibi,
2066 3315 2237 3364 conque
2263 3314 2501 3350 senescere
2521 3299 2725 3351 medos?
2772 3299 2867 3362 Ibi,

1810 3378 1898 3427 ubi
1921 3391 2110 3439 nempe
2133 3376 2336 3439 dilapsa
2370 3391 2432 3424 ea
2457 3375 2564 3438 jam
2602 3374 2865 3436 videmns;

1807 3469 1979 3517 conque
2030 3467 2284 3514 senescere,
2337 3466 2452 3514 pro,
2495 3459 2551 3502 et
2594 3465 2868 3502 consenes-

1809 3547 1953 3593 cere,
1969 3538 2026 3581 nt
2043 3531 2251 3594 passim.
2285 3528 2460 3590 Pres’g.

1875 3613 1974 3658 814
2009 3610 2120 3658 Non
2136 3621 2276 3656 ruere
2295 3604 2500 3667 avolsos]
2552 3605 2710 3656 Hanc
2747 3619 2864 3654 ver-

1811 3699 1924 3734 sum
1947 3681 2150 3746 profert
2173 3682 2376 3732 Nonius
2399 3680 2456 3730 in
2477 3694 2608 3730 voce
2629 3681 2644 3708 ‘
2661 3679 2871 3731 silices.’

1874 3838 1973 3884 318
2012 3833 2264 3882 Tormenta
2293 3831 2478 3894 oetotis]
2524 3829 2753 3880 Tralatio
2767 3837 2868 3894 est,

1812 3913 1896 3961 vel
1931 3927 1963 3959 a
1999 3909 2271 3960 tormentis
2307 3907 2529 3971 bellicis,
2559 3907 2639 3956 vel
2677 3921 2710 3956 a
2729 3922 2869 3972 qum·

1810 3987 2082 4038 stionibus.
2114 3983 2286 4032 Lamo.

1876 4059 2108 4123 Privata]
2153 4057 2318 4108 Refer
2343 4057 2410 4108 ad
2446 4073 2628 4110 vocem
2668 4058 2685 4087 ‘
2709 4056 2873 4121 saxa,’

1813 4155 1916 4192 non
1955 4139 1971 4168 ⁶
1993 4134 2297 4189 tormentass·
2314 4136 2479 4186 Lan-b.

1880 4221 1979 4266 319
2011 4215 2228 4278 Denique
2248 4213 2356 4272 jam
2388 4214 2545 4276 tuere]
2593 4214 2764 4275 Tim-e,
2793 4227 2870 4262 aa·

1816 4296 1955 4358 pice,
1977 4308 2010 4342 a
2028 4291 2192 4342 verbo
2223 4295 2356 4340 tuor.
2420 4290 2666 4355 Denique
2699 4290 2872 4353 aspice
