<?xml version="1.0" encoding="UTF-8"?>
<!DOCTYPE html PUBLIC "-//W3C//DTD XHTML 1.0 Transitional//EN"
    "http://www.w3.org/TR/xhtml1/DTD/xhtml1-transitional.dtd">
<html xmlns="http://www.w3.org/1999/xhtml" xml:lang="en" lang="en">
 <head>
  <title>
</title>
<meta http-equiv="Content-Type" content="text/html;charset=utf-8" />
  <meta name='ocr-system' content='tesseract 3.04.00' />
  <meta name='ocr-capabilities' content='ocr_page ocr_carea ocr_par ocr_line ocrx_word'/>
</head>
<body>
  <div class='ocr_page' id='page_1' title='image "./dererumnaturali00unkngoog_0106.png"; bbox 0 0 3200 4959; ppageno 0'>
   <div class='ocr_carea' id='block_1_1' title="bbox 634 391 810 461">
    <p class='ocr_par' dir='ltr' id='par_1_1' title="bbox 634 391 810 461">
     <span class='ocr_line' id='line_1_1' title="bbox 634 391 810 461; baseline 0.023 -4"><span class='ocrx_word' id='word_1_1' title='bbox 634 391 810 461; x_wconf 78' lang='lat'><strong>1456</strong></span> 
     </span>
    </p>
   </div>
   <div class='ocr_carea' id='block_1_2' title="bbox 616 546 1692 4319">
    <p class='ocr_par' dir='ltr' id='par_1_2' title="bbox 634 546 1689 904">
     <span class='ocr_line' id='line_1_2' title="bbox 636 546 1686 612; baseline -0.007 -12"><span class='ocrx_word' id='word_1_2' title='bbox 636 556 742 600; x_wconf 88' lang='lat' dir='ltr'><strong>cat.</strong></span> <span class='ocrx_word' id='word_1_3' title='bbox 774 555 963 600; x_wconf 77' lang='lat' dir='ltr'><strong>statuoe</strong></span> <span class='ocrx_word' id='word_1_4' title='bbox 1005 546 1221 612; x_wconf 74' lang='lat' dir='ltr'><strong>Regilloe</strong></span> <span class='ocrx_word' id='word_1_5' title='bbox 1261 561 1379 611; x_wconf 81' lang='lat' dir='ltr'><strong>pag.</strong></span> <span class='ocrx_word' id='word_1_6' title='bbox 1400 551 1484 596; x_wconf 76' lang='lat'><strong>92.</strong></span> <span class='ocrx_word' id='word_1_7' title='bbox 1506 546 1589 594; x_wconf 80' lang='lat' dir='ltr'><strong>liic</strong></span> <span class='ocrx_word' id='word_1_8' title='bbox 1619 561 1686 594; x_wconf 71' lang='grc' dir='ltr'><strong><em>ει»,-</em></strong></span> 
     </span>
     <span class='ocr_line' id='line_1_3' title="bbox 634 621 1688 690; baseline -0.007 -14"><span class='ocrx_word' id='word_1_9' title='bbox 634 640 737 690; x_wconf 86' lang='lat' dir='ltr'><strong>que</strong></span> <span class='ocrx_word' id='word_1_10' title='bbox 758 625 932 674; x_wconf 85' lang='lat' dir='ltr'><strong>Iacchi</strong></span> <span class='ocrx_word' id='word_1_11' title='bbox 955 630 1139 686; x_wconf 81' lang='lat' dir='ltr'><strong>mater,</strong></span> <span class='ocrx_word' id='word_1_12' title='bbox 1160 638 1310 688; x_wconf 86' lang='lat' dir='ltr'><strong>quam</strong></span> <span class='ocrx_word' id='word_1_13' title='bbox 1346 623 1542 672; x_wconf 85' lang='lat' dir='ltr'><strong>Bacchi</strong></span> <span class='ocrx_word' id='word_1_14' title='bbox 1564 621 1688 670; x_wconf 86' lang='lat' dir='ltr'><strong>ami-</strong></span> 
     </span>
     <span class='ocr_line' id='line_1_4' title="bbox 636 696 1689 763; baseline -0.006 -13"><span class='ocrx_word' id='word_1_15' title='bbox 636 716 699 750; x_wconf 86' lang='lat' dir='ltr'><strong>ca</strong></span> <span class='ocrx_word' id='word_1_16' title='bbox 720 701 937 762; x_wconf 79' lang='lat' dir='ltr'><strong>intelligi</strong></span> <span class='ocrx_word' id='word_1_17' title='bbox 962 705 1153 763; x_wconf 83' lang='lat' dir='ltr'><strong>potest,</strong></span> <span class='ocrx_word' id='word_1_18' title='bbox 1173 697 1309 762; x_wconf 89' lang='lat' dir='ltr'><strong>quod</strong></span> <span class='ocrx_word' id='word_1_19' title='bbox 1332 704 1385 747; x_wconf 90' lang='lat' dir='ltr'><strong>et</strong></span> <span class='ocrx_word' id='word_1_20' title='bbox 1419 696 1689 760; x_wconf 81' lang='lat' dir='ltr'><strong>epitheton</strong></span> 
     </span>
     <span class='ocr_line' id='line_1_5' title="bbox 634 776 1688 840; baseline -0.005 -12"><span class='ocrx_word' id='word_1_21' title='bbox 634 780 651 808; x_wconf 84' lang='lat'>‘</span> <span class='ocrx_word' id='word_1_22' title='bbox 678 778 984 840; x_wconf 83' lang='lat' dir='ltr'><strong>mammosa,’</strong></span> <span class='ocrx_word' id='word_1_23' title='bbox 1002 784 1059 827; x_wconf 86' lang='lat' dir='ltr'><strong>ut</strong></span> <span class='ocrx_word' id='word_1_24' title='bbox 1082 777 1247 827; x_wconf 78' lang='lat' dir='ltr'>enixis</span> <span class='ocrx_word' id='word_1_25' title='bbox 1266 776 1553 840; x_wconf 83' lang='lat' dir='ltr'><strong>proprium,</strong></span> <span class='ocrx_word' id='word_1_26' title='bbox 1572 788 1688 824; x_wconf 81' lang='lat' dir='ltr'><strong>sua-</strong></span> 
     </span>
     <span class='ocr_line' id='line_1_6' title="bbox 636 854 1207 904; baseline -0.004 0"><span class='ocrx_word' id='word_1_27' title='bbox 636 855 763 904; x_wconf 88' lang='lat' dir='ltr'><strong>dere</strong></span> <span class='ocrx_word' id='word_1_28' title='bbox 786 855 1009 904; x_wconf 84' lang='lat' dir='ltr'><strong>videtur.</strong></span> <span class='ocrx_word' id='word_1_29' title='bbox 1076 854 1207 902; x_wconf 76' lang='lat' dir='ltr'><strong>Hau.</strong></span> 
     </span>
    </p>

    <p class='ocr_par' dir='ltr' id='par_1_3' title="bbox 630 922 1692 1594">
     <span class='ocr_line' id='line_1_7' title="bbox 701 922 1692 991; baseline -0.004 -13"><span class='ocrx_word' id='word_1_30' title='bbox 701 933 829 980; x_wconf 77' lang='grc'>1162</span> <span class='ocrx_word' id='word_1_31' title='bbox 864 929 1065 991; x_wconf 72' lang='lat' dir='ltr'><strong>Simulo,</strong></span> <span class='ocrx_word' id='word_1_32' title='bbox 1098 925 1290 989; x_wconf 76' lang='grc' dir='ltr'><strong><em>σιληνὴ,</em></strong></span> <span class='ocrx_word' id='word_1_33' title='bbox 1320 942 1375 976; x_wconf 81' lang='lat' dir='ltr'><strong>ac</strong></span> <span class='ocrx_word' id='word_1_34' title='bbox 1398 926 1574 990; x_wconf 72' lang='lat' dir='ltr'><strong>Satyra</strong></span> <span class='ocrx_word' id='word_1_35' title='bbox 1596 922 1692 986; x_wconf 80' lang='lat' dir='ltr'><strong>est]</strong></span> 
     </span>
     <span class='ocr_line' id='line_1_8' title="bbox 634 1002 1689 1069; baseline -0.002 -15"><span class='ocrx_word' id='word_1_36' title='bbox 634 1005 692 1054; x_wconf 85' lang='lat' dir='ltr'><strong>si</strong></span> <span class='ocrx_word' id='word_1_37' title='bbox 709 1019 811 1069; x_wconf 89' lang='lat' dir='ltr'><strong>qua</strong></span> <span class='ocrx_word' id='word_1_38' title='bbox 831 1005 1001 1068; x_wconf 86' lang='lat' dir='ltr'><strong>puella</strong></span> <span class='ocrx_word' id='word_1_39' title='bbox 1023 1005 1163 1053; x_wconf 88' lang='lat' dir='ltr'><strong>simis</strong></span> <span class='ocrx_word' id='word_1_40' title='bbox 1189 1010 1285 1054; x_wconf 85' lang='lat' dir='ltr'><strong>-est</strong></span> <span class='ocrx_word' id='word_1_41' title='bbox 1321 1003 1545 1064; x_wconf 84' lang='lat' dir='ltr'><strong>naribus,</strong></span> <span class='ocrx_word' id='word_1_42' title='bbox 1571 1002 1689 1052; x_wconf 86' lang='lat' dir='ltr'><strong>sile-</strong></span> 
     </span>
     <span class='ocr_line' id='line_1_9' title="bbox 630 1079 1688 1143; baseline -0.002 -15"><span class='ocrx_word' id='word_1_43' title='bbox 630 1093 721 1142; x_wconf 82' lang='lat' dir='ltr'><strong>na,</strong></span> <span class='ocrx_word' id='word_1_44' title='bbox 742 1087 799 1130; x_wconf 90' lang='lat' dir='ltr'><strong>et</strong></span> <span class='ocrx_word' id='word_1_45' title='bbox 819 1086 994 1143; x_wconf 80' lang='lat' dir='ltr'><strong>satyra</strong></span> <span class='ocrx_word' id='word_1_46' title='bbox 1030 1080 1097 1128; x_wconf 87' lang='lat' dir='ltr'><strong>ab</strong></span> <span class='ocrx_word' id='word_1_47' title='bbox 1135 1087 1341 1128; x_wconf 86' lang='lat' dir='ltr'><strong>amante</strong></span> <span class='ocrx_word' id='word_1_48' title='bbox 1378 1079 1688 1128; x_wconf 87' lang='lat' dir='ltr'><strong>nominatur.</strong></span> 
     </span>
     <span class='ocr_line' id='line_1_10' title="bbox 634 1152 1687 1218; baseline 0 -16"><span class='ocrx_word' id='word_1_49' title='bbox 634 1155 785 1204; x_wconf 88' lang='lat' dir='ltr'><strong>sileni</strong></span> <span class='ocrx_word' id='word_1_50' title='bbox 808 1156 945 1205; x_wconf 90' lang='lat' dir='ltr'><strong>enim</strong></span> <span class='ocrx_word' id='word_1_51' title='bbox 988 1154 1102 1203; x_wconf 88' lang='lat' dir='ltr'><strong>simi</strong></span> <span class='ocrx_word' id='word_1_52' title='bbox 1128 1161 1184 1203; x_wconf 92' lang='lat' dir='ltr'><strong>et</strong></span> <span class='ocrx_word' id='word_1_53' title='bbox 1208 1155 1485 1218; x_wconf 82' lang='lat' dir='ltr'><strong>pinguntur</strong></span> <span class='ocrx_word' id='word_1_54' title='bbox 1506 1159 1562 1202; x_wconf 86' lang='lat' dir='ltr'><strong>et</strong></span> <span class='ocrx_word' id='word_1_55' title='bbox 1593 1152 1687 1202; x_wconf 84' lang='lat' dir='ltr'><strong>fin-</strong></span> 
     </span>
     <span class='ocr_line' id='line_1_11' title="bbox 632 1227 1688 1293; baseline -0.003 -14"><span class='ocrx_word' id='word_1_56' title='bbox 632 1237 845 1293; x_wconf 77' lang='lat' dir='ltr'><strong>guntur.</strong></span> <span class='ocrx_word' id='word_1_57' title='bbox 878 1229 1046 1279; x_wconf 72' lang='lat' dir='ltr'><strong>lamb.</strong></span> <span class='ocrx_word' id='word_1_58' title='bbox 1114 1229 1251 1280; x_wconf 79' lang='lat' dir='ltr'><strong>Quia</strong></span> <span class='ocrx_word' id='word_1_59' title='bbox 1287 1227 1397 1276; x_wconf 87' lang='lat' dir='ltr'><strong>fere</strong></span> <span class='ocrx_word' id='word_1_60' title='bbox 1430 1228 1542 1276; x_wconf 88' lang='lat' dir='ltr'><strong>simi</strong></span> <span class='ocrx_word' id='word_1_61' title='bbox 1576 1227 1688 1290; x_wconf 79' lang='lat' dir='ltr'><strong>pin-</strong></span> 
     </span>
     <span class='ocr_line' id='line_1_12' title="bbox 634 1305 1691 1368; baseline -0.001 -13"><span class='ocrx_word' id='word_1_62' title='bbox 634 1305 891 1368; x_wconf 78' lang='lat' dir='ltr'><strong>gebantur</strong></span> <span class='ocrx_word' id='word_1_63' title='bbox 920 1306 1101 1368; x_wconf 89' lang='lat' dir='ltr'><strong>Sileni,</strong></span> <span class='ocrx_word' id='word_1_64' title='bbox 1130 1305 1325 1354; x_wconf 82' lang='lat' dir='ltr'><strong>Bacchi</strong></span> <span class='ocrx_word' id='word_1_65' title='bbox 1359 1305 1595 1365; x_wconf 85' lang='lat' dir='ltr'><strong>comites,</strong></span> <span class='ocrx_word' id='word_1_66' title='bbox 1631 1311 1691 1354; x_wconf 88' lang='lat' dir='ltr'><strong>ut</strong></span> 
     </span>
     <span class='ocr_line' id='line_1_13' title="bbox 635 1381 1689 1444; baseline 0.001 -16"><span class='ocrx_word' id='word_1_67' title='bbox 635 1387 689 1430; x_wconf 82' lang='lat' dir='ltr'><strong>et</strong></span> <span class='ocrx_word' id='word_1_68' title='bbox 710 1382 902 1444; x_wconf 77' lang='lat' dir='ltr'><strong>Satyri.</strong></span> <span class='ocrx_word' id='word_1_69' title='bbox 964 1381 1124 1430; x_wconf 90' lang='lat' dir='ltr'><strong>Sileni</strong></span> <span class='ocrx_word' id='word_1_70' title='bbox 1147 1382 1371 1430; x_wconf 73' lang='lat' dir='ltr'>seniores</span> <span class='ocrx_word' id='word_1_71' title='bbox 1400 1390 1454 1429; x_wconf 84' lang='lat' dir='ltr'><strong>et</strong></span> <span class='ocrx_word' id='word_1_72' title='bbox 1476 1381 1689 1444; x_wconf 83' lang='lat' dir='ltr'><strong>Satyro·-</strong></span> 
     </span>
     <span class='ocr_line' id='line_1_14' title="bbox 634 1455 1690 1520; baseline -0.001 -13"><span class='ocrx_word' id='word_1_73' title='bbox 634 1470 749 1507; x_wconf 78' lang='lat' dir='ltr'><strong>rum</strong></span> <span class='ocrx_word' id='word_1_74' title='bbox 773 1456 1023 1520; x_wconf 72' lang='lat' dir='ltr'><strong>magistri.</strong></span> <span class='ocrx_word' id='word_1_75' title='bbox 1083 1455 1220 1505; x_wconf 78' lang='lat' dir='ltr'><strong>Vide</strong></span> <span class='ocrx_word' id='word_1_76' title='bbox 1247 1456 1604 1506; x_wconf 74' lang='lat' dir='ltr'><strong>casaubonum</strong></span> <span class='ocrx_word' id='word_1_77' title='bbox 1635 1458 1690 1506; x_wconf 91' lang='lat' dir='ltr'><strong>iu</strong></span> 
     </span>
     <span class='ocr_line' id='line_1_15' title="bbox 634 1530 1690 1594; baseline 0.001 -14"><span class='ocrx_word' id='word_1_78' title='bbox 634 1533 845 1581; x_wconf 82' lang='lat' dir='ltr'><strong>aureolo</strong></span> <span class='ocrx_word' id='word_1_79' title='bbox 898 1531 1076 1581; x_wconf 85' lang='lat' dir='ltr'><strong>libello</strong></span> <span class='ocrx_word' id='word_1_80' title='bbox 1131 1530 1199 1580; x_wconf 90' lang='lat' dir='ltr'><strong>de</strong></span> <span class='ocrx_word' id='word_1_81' title='bbox 1266 1531 1521 1594; x_wconf 81' lang='lat' dir='ltr'><strong>Satyrica,</strong></span> <span class='ocrx_word' id='word_1_82' title='bbox 1587 1535 1690 1582; x_wconf 73' lang='grc' dir='ltr'><strong>διο.</strong></span> 
     </span>
    </p>

    <p class='ocr_par' dir='ltr' id='par_1_4' title="bbox 616 1682 1692 4319">
     <span class='ocr_line' id='line_1_16' title="bbox 693 1682 1692 1747; baseline 0.001 -15"><span class='ocrx_word' id='word_1_83' title='bbox 693 1683 921 1745; x_wconf 63' lang='lat' dir='ltr'><strong>Labeon,</strong></span> <span class='ocrx_word' id='word_1_84' title='bbox 954 1682 1160 1747; x_wconf 79' lang='grc' dir='ltr'>φίλημα]</span> <span class='ocrx_word' id='word_1_85' title='bbox 1228 1683 1361 1736; x_wconf 78' lang='lat' dir='ltr'><strong>Quae</strong></span> <span class='ocrx_word' id='word_1_86' title='bbox 1407 1690 1488 1734; x_wconf 87' lang='lat' dir='ltr'><strong>est</strong></span> <span class='ocrx_word' id='word_1_87' title='bbox 1532 1685 1692 1733; x_wconf 86' lang='lat' dir='ltr'><strong>labris</strong></span> 
     </span>
     <span class='ocr_line' id='line_1_17' title="bbox 632 1757 1692 1824; baseline 0.001 -16"><span class='ocrx_word' id='word_1_88' title='bbox 632 1758 1061 1822; x_wconf 66' lang='lat' dir='ltr'><strong>prominentibua,</strong></span> <span class='ocrx_word' id='word_1_89' title='bbox 1122 1773 1186 1807; x_wconf 80' lang='lat' dir='ltr'><strong>ca</strong></span> <span class='ocrx_word' id='word_1_90' title='bbox 1232 1757 1455 1824; x_wconf 85' lang='lat' dir='ltr'><strong>(iuquit)</strong></span> <span class='ocrx_word' id='word_1_91' title='bbox 1508 1760 1692 1822; x_wconf 75' lang='grc' dir='ltr'>φίλημα</span> 
     </span>
     <span class='ocr_line' id='line_1_18' title="bbox 634 1833 1690 1898; baseline 0 -14"><span class='ocrx_word' id='word_1_92' title='bbox 634 1833 847 1898; x_wconf 84' lang='lat' dir='ltr'><strong>dicitur,</strong></span> <span class='ocrx_word' id='word_1_93' title='bbox 879 1835 915 1884; x_wconf 91' lang='lat' dir='ltr'><strong>i.</strong></span> <span class='ocrx_word' id='word_1_94' title='bbox 940 1849 989 1884; x_wconf 87' lang='lat' dir='ltr'><strong>e.</strong></span> <span class='ocrx_word' id='word_1_95' title='bbox 1025 1837 1040 1863; x_wconf 90' lang='lat'>‘</span> <span class='ocrx_word' id='word_1_96' title='bbox 1060 1833 1328 1886; x_wconf 87' lang='lat' dir='ltr'><strong>osculum.&#39;</strong></span> <span class='ocrx_word' id='word_1_97' title='bbox 1368 1849 1458 1883; x_wconf 89' lang='lat' dir='ltr'><strong>seu</strong></span> <span class='ocrx_word' id='word_1_98' title='bbox 1501 1837 1592 1884; x_wconf 60' lang='lat' dir='ltr'><strong>tos</strong></span> <span class='ocrx_word' id='word_1_99' title='bbox 1625 1835 1690 1884; x_wconf 90' lang='lat' dir='ltr'><strong>ad</strong></span> 
     </span>
     <span class='ocr_line' id='line_1_19' title="bbox 630 1907 1688 1973; baseline -0.001 -15"><span class='ocrx_word' id='word_1_100' title='bbox 630 1907 815 1958; x_wconf 78' lang='lat' dir='ltr'><strong>oscula</strong></span> <span class='ocrx_word' id='word_1_101' title='bbox 835 1907 1031 1958; x_wconf 88' lang='lat' dir='ltr'><strong>factum</strong></span> <span class='ocrx_word' id='word_1_102' title='bbox 1053 1915 1108 1958; x_wconf 90' lang='lat' dir='ltr'><strong>et</strong></span> <span class='ocrx_word' id='word_1_103' title='bbox 1126 1909 1503 1973; x_wconf 63' lang='lat' dir='ltr'><strong>compositum!</strong></span> <span class='ocrx_word' id='word_1_104' title='bbox 1552 1911 1688 1959; x_wconf 82' lang='lat' dir='ltr'><strong>Nam</strong></span> 
     </span>
     <span class='ocr_line' id='line_1_20' title="bbox 628 1987 1690 2051; baseline -0.003 -12"><span class='ocrx_word' id='word_1_105' title='bbox 628 1993 689 2039; x_wconf 67' lang='lat' dir='ltr'><strong>et</strong></span> <span class='ocrx_word' id='word_1_106' title='bbox 725 1987 933 2036; x_wconf 70' lang='lat' dir='ltr'><strong>stravius</strong></span> <span class='ocrx_word' id='word_1_107' title='bbox 981 1989 1119 2037; x_wconf 83' lang='lat' dir='ltr'><strong>viros</strong></span> <span class='ocrx_word' id='word_1_108' title='bbox 1162 1989 1460 2037; x_wconf 79' lang='lat' dir='ltr'><strong>osculantur</strong></span> <span class='ocrx_word' id='word_1_109' title='bbox 1503 1987 1690 2051; x_wconf 79' lang='lat' dir='ltr'><strong>puellae</strong></span> 
     </span>
     <span class='ocr_line' id='line_1_21' title="bbox 630 2060 1690 2127; baseline -0.001 -17"><span class='ocrx_word' id='word_1_110' title='bbox 630 2060 869 2124; x_wconf 83' lang='lat' dir='ltr'><strong>labiosae,</strong></span> <span class='ocrx_word' id='word_1_111' title='bbox 888 2077 1043 2127; x_wconf 87' lang='lat' dir='ltr'><strong>quam</strong></span> <span class='ocrx_word' id='word_1_112' title='bbox 1065 2077 1180 2126; x_wconf 75' lang='lat' dir='ltr'><strong>quae</strong></span> <span class='ocrx_word' id='word_1_113' title='bbox 1214 2069 1333 2112; x_wconf 86' lang='lat' dir='ltr'><strong>sunt</strong></span> <span class='ocrx_word' id='word_1_114' title='bbox 1354 2062 1594 2112; x_wconf 80' lang='lat' dir='ltr'><strong>brevibus</strong></span> <span class='ocrx_word' id='word_1_115' title='bbox 1619 2064 1690 2110; x_wconf 87' lang='lat' dir='ltr'><strong>la-</strong></span> 
     </span>
     <span class='ocr_line' id='line_1_22' title="bbox 634 2134 1690 2188; baseline 0.001 -2"><span class='ocrx_word' id='word_1_116' title='bbox 634 2134 767 2188; x_wconf 80' lang='lat' dir='ltr'><strong>bris:</strong></span> <span class='ocrx_word' id='word_1_117' title='bbox 802 2143 859 2187; x_wconf 89' lang='lat' dir='ltr'><strong>et</strong></span> <span class='ocrx_word' id='word_1_118' title='bbox 896 2139 1119 2188; x_wconf 84' lang='lat' dir='ltr'><strong>labiosas</strong></span> <span class='ocrx_word' id='word_1_119' title='bbox 1158 2138 1379 2187; x_wconf 80' lang='lat' dir='ltr'><strong>osculari</strong></span> <span class='ocrx_word' id='word_1_120' title='bbox 1416 2139 1540 2187; x_wconf 79' lang='lat' dir='ltr'><strong>viris</strong></span> <span class='ocrx_word' id='word_1_121' title='bbox 1577 2138 1690 2187; x_wconf 88' lang='lat' dir='ltr'><strong>dul·</strong></span> 
     </span>
     <span class='ocr_line' id='line_1_23' title="bbox 632 2210 1689 2274; baseline 0.005 -16"><span class='ocrx_word' id='word_1_122' title='bbox 632 2210 894 2260; x_wconf 84' lang='lat' dir='ltr'><strong>cissimum</strong></span> <span class='ocrx_word' id='word_1_123' title='bbox 920 2218 1017 2262; x_wconf 82' lang='lat' dir='ltr'><strong>est.</strong></span> <span class='ocrx_word' id='word_1_124' title='bbox 1056 2213 1233 2262; x_wconf 72' lang='lat' dir='ltr'><strong>labiosa</strong></span> <span class='ocrx_word' id='word_1_125' title='bbox 1268 2220 1461 2274; x_wconf 89' lang='lat' dir='ltr'><strong>autem,</strong></span> <span class='ocrx_word' id='word_1_126' title='bbox 1494 2229 1585 2263; x_wconf 88' lang='lat' dir='ltr'><strong>seu</strong></span> <span class='ocrx_word' id='word_1_127' title='bbox 1621 2215 1689 2264; x_wconf 84' lang='lat' dir='ltr'><strong>lu-</strong></span> 
     </span>
     <span class='ocr_line' id='line_1_24' title="bbox 630 2284 1688 2351; baseline 0.004 -17"><span class='ocrx_word' id='word_1_128' title='bbox 630 2284 788 2346; x_wconf 77' lang='lat' dir='ltr'><strong>beosa,</strong></span> <span class='ocrx_word' id='word_1_129' title='bbox 854 2287 1150 2351; x_wconf 82' lang='lat' dir='ltr'><strong>legendum,</strong></span> <span class='ocrx_word' id='word_1_130' title='bbox 1200 2295 1260 2338; x_wconf 90' lang='lat' dir='ltr'><strong>ut</strong></span> <span class='ocrx_word' id='word_1_131' title='bbox 1322 2288 1515 2337; x_wconf 89' lang='lat' dir='ltr'><strong>habent</strong></span> <span class='ocrx_word' id='word_1_132' title='bbox 1570 2289 1688 2338; x_wconf 80' lang='lat' dir='ltr'><strong>libri</strong></span> 
     </span>
     <span class='ocr_line' id='line_1_25' title="bbox 630 2363 1690 2416; baseline 0.003 -7"><span class='ocrx_word' id='word_1_133' title='bbox 630 2374 887 2416; x_wconf 78' lang='lat' dir='ltr'><strong>manuscr.</strong></span> <span class='ocrx_word' id='word_1_134' title='bbox 954 2364 1025 2412; x_wconf 87' lang='lat' dir='ltr'><strong>Et</strong></span> <span class='ocrx_word' id='word_1_135' title='bbox 1046 2377 1171 2412; x_wconf 86' lang='lat' dir='ltr'><strong>vcro</strong></span> <span class='ocrx_word' id='word_1_136' title='bbox 1190 2363 1405 2414; x_wconf 84' lang='lat' dir='ltr'><strong>interest</strong></span> <span class='ocrx_word' id='word_1_137' title='bbox 1427 2365 1565 2412; x_wconf 87' lang='lat' dir='ltr'><strong>iuter</strong></span> <span class='ocrx_word' id='word_1_138' title='bbox 1582 2367 1599 2394; x_wconf 81' lang='grc'><strong>4</strong></span> <span class='ocrx_word' id='word_1_139' title='bbox 1618 2366 1690 2413; x_wconf 85' lang='lat' dir='ltr'><strong>la·</strong></span> 
     </span>
     <span class='ocr_line' id='line_1_26' title="bbox 632 2435 1689 2498; baseline 0.004 -13"><span class='ocrx_word' id='word_1_140' title='bbox 632 2435 721 2486; x_wconf 86' lang='lat' dir='ltr'><strong>bia</strong></span> <span class='ocrx_word' id='word_1_141' title='bbox 737 2436 751 2459; x_wconf 87' lang='lat'><em>’</em></span> <span class='ocrx_word' id='word_1_142' title='bbox 774 2445 826 2486; x_wconf 84' lang='lat' dir='ltr'><strong>et</strong></span> <span class='ocrx_word' id='word_1_143' title='bbox 846 2439 860 2466; x_wconf 90' lang='lat'>‘</span> <span class='ocrx_word' id='word_1_144' title='bbox 881 2438 1058 2498; x_wconf 87' lang='lat' dir='ltr'><strong>labra,’</strong></span> <span class='ocrx_word' id='word_1_145' title='bbox 1081 2445 1140 2488; x_wconf 89' lang='lat' dir='ltr'><strong>ut</strong></span> <span class='ocrx_word' id='word_1_146' title='bbox 1164 2440 1277 2488; x_wconf 82' lang='lat' dir='ltr'><strong>vult</strong></span> <span class='ocrx_word' id='word_1_147' title='bbox 1294 2439 1505 2488; x_wconf 88' lang='lat' dir='ltr'><strong>Verrius</strong></span> <span class='ocrx_word' id='word_1_148' title='bbox 1539 2441 1689 2489; x_wconf 85' lang='lat' dir='ltr'><strong>Flac-</strong></span> 
     </span>
     <span class='ocr_line' id='line_1_27' title="bbox 632 2513 1691 2577; baseline 0.004 -17"><span class='ocrx_word' id='word_1_149' title='bbox 632 2523 743 2569; x_wconf 87' lang='lat' dir='ltr'><strong>cus,</strong></span> <span class='ocrx_word' id='word_1_150' title='bbox 810 2520 947 2562; x_wconf 86' lang='lat' dir='ltr'><strong>teste</strong></span> <span class='ocrx_word' id='word_1_151' title='bbox 1014 2513 1283 2577; x_wconf 87' lang='lat' dir='ltr'><strong>Sosipatro</strong></span> <span class='ocrx_word' id='word_1_152' title='bbox 1337 2515 1553 2566; x_wconf 79' lang='lat' dir='ltr'><strong>carisio.</strong></span> <span class='ocrx_word' id='word_1_153' title='bbox 1615 2516 1691 2565; x_wconf 89' lang='lat' dir='ltr'><strong>sic</strong></span> 
     </span>
     <span class='ocr_line' id='line_1_28' title="bbox 630 2587 1692 2640; baseline 0.004 -4"><span class='ocrx_word' id='word_1_154' title='bbox 630 2587 770 2636; x_wconf 83' lang='lat' dir='ltr'><strong>enim</strong></span> <span class='ocrx_word' id='word_1_155' title='bbox 790 2588 874 2637; x_wconf 85' lang='lat' dir='ltr'><strong>ille</strong></span> <span class='ocrx_word' id='word_1_156' title='bbox 895 2587 991 2638; x_wconf 87' lang='lat' dir='ltr'><strong>lib.</strong></span> <span class='ocrx_word' id='word_1_157' title='bbox 1018 2592 1065 2638; x_wconf 90' lang='lat'><strong>1.</strong></span> <span class='ocrx_word' id='word_1_158' title='bbox 1088 2591 1105 2618; x_wconf 98' lang='grc'><strong>4</strong></span> <span class='ocrx_word' id='word_1_159' title='bbox 1125 2589 1299 2639; x_wconf 86' lang='lat' dir='ltr'><strong>labra’</strong></span> <span class='ocrx_word' id='word_1_160' title='bbox 1322 2596 1377 2640; x_wconf 85' lang='lat' dir='ltr'><strong>et</strong></span> <span class='ocrx_word' id='word_1_161' title='bbox 1396 2590 1412 2617; x_wconf 88' lang='lat'>‘</span> <span class='ocrx_word' id='word_1_162' title='bbox 1428 2591 1561 2640; x_wconf 83' lang='lat' dir='ltr'><strong>labia</strong></span> <span class='ocrx_word' id='word_1_163' title='bbox 1580 2591 1595 2614; x_wconf 87' lang='lat'>’</span> <span class='ocrx_word' id='word_1_164' title='bbox 1613 2592 1692 2640; x_wconf 90' lang='lat' dir='ltr'><strong>in-</strong></span> 
     </span>
     <span class='ocr_line' id='line_1_29' title="bbox 621 2661 1688 2728; baseline 0.006 -18"><span class='ocrx_word' id='word_1_165' title='bbox 621 2661 881 2713; x_wconf 77' lang='lat' dir='ltr'><strong>distincte</strong></span> <span class='ocrx_word' id='word_1_166' title='bbox 911 2664 1169 2728; x_wconf 86' lang='lat' dir='ltr'><strong>dicuutur,</strong></span> <span class='ocrx_word' id='word_1_167' title='bbox 1203 2668 1299 2715; x_wconf 72' lang='grc' dir='ltr'><strong>διο.</strong></span> <span class='ocrx_word' id='word_1_168' title='bbox 1362 2665 1576 2714; x_wconf 87' lang='lat' dir='ltr'><strong>Verrius</strong></span> <span class='ocrx_word' id='word_1_169' title='bbox 1598 2681 1688 2716; x_wconf 86' lang='lat' dir='ltr'><strong>au-</strong></span> 
     </span>
     <span class='ocr_line' id='line_1_30' title="bbox 628 2739 1691 2803; baseline 0.002 -15"><span class='ocrx_word' id='word_1_170' title='bbox 628 2745 735 2788; x_wconf 88' lang='lat' dir='ltr'><strong>tem</strong></span> <span class='ocrx_word' id='word_1_171' title='bbox 760 2739 980 2790; x_wconf 77' lang='lat' dir='ltr'><strong>Flaccus</strong></span> <span class='ocrx_word' id='word_1_172' title='bbox 1015 2741 1090 2791; x_wconf 89' lang='lat' dir='ltr'><strong>sic</strong></span> <span class='ocrx_word' id='word_1_173' title='bbox 1123 2740 1417 2803; x_wconf 79' lang='lat' dir='ltr'><strong>distinguit,</strong></span> <span class='ocrx_word' id='word_1_174' title='bbox 1452 2741 1691 2790; x_wconf 85' lang='lat' dir='ltr'><strong>‘modica</strong></span> 
     </span>
     <span class='ocr_line' id='line_1_31' title="bbox 628 2815 1688 2879; baseline 0 -13"><span class='ocrx_word' id='word_1_175' title='bbox 628 2829 741 2867; x_wconf 86' lang='lat' dir='ltr'><strong>esse</strong></span> <span class='ocrx_word' id='word_1_176' title='bbox 778 2815 942 2879; x_wconf 83' lang='lat' dir='ltr'><strong>labra,</strong></span> <span class='ocrx_word' id='word_1_177' title='bbox 972 2816 1115 2866; x_wconf 87' lang='lat' dir='ltr'><strong>labia</strong></span> <span class='ocrx_word' id='word_1_178' title='bbox 1150 2817 1443 2878; x_wconf 87' lang='lat' dir='ltr'><strong>immodica,</strong></span> <span class='ocrx_word' id='word_1_179' title='bbox 1478 2824 1532 2864; x_wconf 87' lang='lat' dir='ltr'><strong>ct</strong></span> <span class='ocrx_word' id='word_1_180' title='bbox 1566 2817 1688 2866; x_wconf 87' lang='lat' dir='ltr'><strong>inde</strong></span> 
     </span>
     <span class='ocr_line' id='line_1_32' title="bbox 628 2890 1690 2944; baseline 0.003 -4"><span class='ocrx_word' id='word_1_181' title='bbox 628 2890 884 2940; x_wconf 87' lang='lat' dir='ltr'><strong>Labiones</strong></span> <span class='ocrx_word' id='word_1_182' title='bbox 908 2891 1049 2940; x_wconf 90' lang='lat' dir='ltr'><strong>dici.&#39;</strong></span> <span class='ocrx_word' id='word_1_183' title='bbox 1082 2893 1217 2940; x_wconf 89' lang='lat' dir='ltr'><strong>Nam</strong></span> <span class='ocrx_word' id='word_1_184' title='bbox 1241 2898 1295 2939; x_wconf 91' lang='lat' dir='ltr'><strong>et</strong></span> <span class='ocrx_word' id='word_1_185' title='bbox 1312 2893 1431 2940; x_wconf 84' lang='lat' dir='ltr'><strong>Ter.</strong></span> <span class='ocrx_word' id='word_1_186' title='bbox 1456 2892 1690 2944; x_wconf 84' lang='lat' dir='ltr'><strong>Eunuch.</strong></span> 
     </span>
     <span class='ocr_line' id='line_1_33' title="bbox 626 2964 1690 3028; baseline 0.001 -14"><span class='ocrx_word' id='word_1_187' title='bbox 626 2969 681 3014; x_wconf 76' lang='lat'><strong>2.</strong></span> <span class='ocrx_word' id='word_1_188' title='bbox 702 2968 751 3014; x_wconf 77' lang='lat'><strong>8.</strong></span> <span class='ocrx_word' id='word_1_189' title='bbox 771 2969 854 3014; x_wconf 79' lang='lat'><strong>42.</strong></span> <span class='ocrx_word' id='word_1_190' title='bbox 889 2966 904 2994; x_wconf 90' lang='lat'>‘</span> <span class='ocrx_word' id='word_1_191' title='bbox 921 2966 1071 3014; x_wconf 86' lang='lat' dir='ltr'><strong>labiis</strong></span> <span class='ocrx_word' id='word_1_192' title='bbox 1095 2964 1332 3014; x_wconf 85' lang='lat' dir='ltr'><strong>demissis</strong></span> <span class='ocrx_word' id='word_1_193' title='bbox 1365 2965 1611 3028; x_wconf 65' lang='lat' dir='ltr'><strong>gemens!</strong></span> <span class='ocrx_word' id='word_1_194' title='bbox 1633 2973 1690 3015; x_wconf 90' lang='lat' dir='ltr'><strong>et</strong></span> 
     </span>
     <span class='ocr_line' id='line_1_34' title="bbox 626 3041 1686 3093; baseline 0 -1"><span class='ocrx_word' id='word_1_195' title='bbox 626 3041 803 3093; x_wconf 86' lang='lat' dir='ltr'><strong>Plaut.</strong></span> <span class='ocrx_word' id='word_1_196' title='bbox 850 3042 966 3092; x_wconf 89' lang='lat' dir='ltr'><strong>Mil.</strong></span> <span class='ocrx_word' id='word_1_197' title='bbox 1006 3047 1056 3093; x_wconf 74' lang='lat'><strong>2.</strong></span> <span class='ocrx_word' id='word_1_198' title='bbox 1102 3047 1148 3091; x_wconf 91' lang='grc'><strong>1.</strong></span> <span class='ocrx_word' id='word_1_199' title='bbox 1190 3046 1269 3092; x_wconf 84' lang='grc'><strong>15.</strong></span> <span class='ocrx_word' id='word_1_200' title='bbox 1322 3042 1533 3092; x_wconf 83' lang='lat' dir='ltr'><strong>‘Labiis</strong></span> <span class='ocrx_word' id='word_1_201' title='bbox 1564 3043 1686 3092; x_wconf 90' lang='lat' dir='ltr'><strong>dum</strong></span> 
     </span>
     <span class='ocr_line' id='line_1_35' title="bbox 627 3118 1687 3169; baseline -0.001 0"><span class='ocrx_word' id='word_1_202' title='bbox 627 3118 849 3169; x_wconf 84' lang='lat' dir='ltr'><strong>ductant</strong></span> <span class='ocrx_word' id='word_1_203' title='bbox 870 3124 1019 3169; x_wconf 88' lang='lat' dir='ltr'><strong>eum.’</strong></span> <span class='ocrx_word' id='word_1_204' title='bbox 1083 3119 1282 3168; x_wconf 88' lang='lat' dir='ltr'><strong>Nonius</strong></span> <span class='ocrx_word' id='word_1_205' title='bbox 1300 3119 1579 3168; x_wconf 78' lang='lat' dir='ltr'><strong>Marcellus</strong></span> <span class='ocrx_word' id='word_1_206' title='bbox 1596 3119 1687 3168; x_wconf 90' lang='lat' dir='ltr'><strong>do-</strong></span> 
     </span>
     <span class='ocr_line' id='line_1_36' title="bbox 626 3192 1685 3256; baseline 0.002 -14"><span class='ocrx_word' id='word_1_207' title='bbox 626 3199 713 3242; x_wconf 89' lang='lat' dir='ltr'><strong>cet</strong></span> <span class='ocrx_word' id='word_1_208' title='bbox 735 3195 892 3243; x_wconf 88' lang='lat' dir='ltr'><strong>etiam</strong></span> <span class='ocrx_word' id='word_1_209' title='bbox 914 3195 931 3222; x_wconf 91' lang='grc'><strong>4</strong></span> <span class='ocrx_word' id='word_1_210' title='bbox 951 3193 1114 3244; x_wconf 81' lang='lat' dir='ltr'><strong>labias</strong></span> <span class='ocrx_word' id='word_1_211' title='bbox 1130 3192 1145 3215; x_wconf 92' lang='lat'>&#39;</span> <span class='ocrx_word' id='word_1_212' title='bbox 1178 3194 1281 3243; x_wconf 89' lang='lat' dir='ltr'><strong>dici</strong></span> <span class='ocrx_word' id='word_1_213' title='bbox 1307 3208 1496 3256; x_wconf 86' lang='lat' dir='ltr'><strong>genere</strong></span> <span class='ocrx_word' id='word_1_214' title='bbox 1519 3192 1685 3244; x_wconf 83' lang='lat' dir='ltr'><strong>faemi-</strong></span> 
     </span>
     <span class='ocr_line' id='line_1_37' title="bbox 624 3268 1686 3332; baseline 0.003 -16"><span class='ocrx_word' id='word_1_215' title='bbox 624 3268 765 3331; x_wconf 87' lang='lat' dir='ltr'><strong>nino,</strong></span> <span class='ocrx_word' id='word_1_216' title='bbox 802 3277 858 3319; x_wconf 90' lang='lat' dir='ltr'><strong>et</strong></span> <span class='ocrx_word' id='word_1_217' title='bbox 890 3269 1095 3332; x_wconf 81' lang='lat' dir='ltr'><strong>profert</strong></span> <span class='ocrx_word' id='word_1_218' title='bbox 1135 3270 1303 3319; x_wconf 89' lang='lat' dir='ltr'><strong>locum</strong></span> <span class='ocrx_word' id='word_1_219' title='bbox 1341 3269 1483 3317; x_wconf 86' lang='lat' dir='ltr'><strong>illum</strong></span> <span class='ocrx_word' id='word_1_220' title='bbox 1509 3270 1686 3319; x_wconf 88' lang='lat' dir='ltr'><strong>Plaut.</strong></span> 
     </span>
     <span class='ocr_line' id='line_1_38' title="bbox 623 3342 1685 3409; baseline 0.002 -17"><span class='ocrx_word' id='word_1_221' title='bbox 623 3342 821 3404; x_wconf 83' lang='lat' dir='ltr'><strong>Sticho,</strong></span> <span class='ocrx_word' id='word_1_222' title='bbox 838 3351 887 3392; x_wconf 82' lang='lat'><strong>5.</strong></span> <span class='ocrx_word' id='word_1_223' title='bbox 907 3348 956 3393; x_wconf 82' lang='grc'><strong>4.</strong></span> <span class='ocrx_word' id='word_1_224' title='bbox 969 3346 1076 3392; x_wconf 77' lang='grc'><strong>41.4</strong></span> <span class='ocrx_word' id='word_1_225' title='bbox 1097 3343 1140 3393; x_wconf 82' lang='lat' dir='ltr'><strong>A</strong></span> <span class='ocrx_word' id='word_1_226' title='bbox 1148 3359 1233 3407; x_wconf 68' lang='lat' dir='ltr'><strong>go,</strong></span> <span class='ocrx_word' id='word_1_227' title='bbox 1248 3345 1463 3405; x_wconf 88' lang='lat' dir='ltr'><strong>tibicen,</strong></span> <span class='ocrx_word' id='word_1_228' title='bbox 1478 3345 1685 3409; x_wconf 88' lang='lat' dir='ltr'><strong>quando</strong></span> 
     </span>
     <span class='ocr_line' id='line_1_39' title="bbox 624 3417 1682 3470; baseline 0.001 -3"><span class='ocrx_word' id='word_1_229' title='bbox 624 3417 806 3468; x_wconf 84' lang='lat' dir='ltr'><strong>bibisti</strong></span> <span class='ocrx_word' id='word_1_230' title='bbox 842 3419 981 3467; x_wconf 83' lang='lat' dir='ltr'><strong>refer</strong></span> <span class='ocrx_word' id='word_1_231' title='bbox 1004 3419 1069 3468; x_wconf 88' lang='lat' dir='ltr'><strong>ad</strong></span> <span class='ocrx_word' id='word_1_232' title='bbox 1094 3420 1259 3470; x_wconf 88' lang='lat' dir='ltr'><strong>labias</strong></span> <span class='ocrx_word' id='word_1_233' title='bbox 1294 3421 1489 3470; x_wconf 84' lang='lat' dir='ltr'><strong>tibias.&#39;</strong></span> <span class='ocrx_word' id='word_1_234' title='bbox 1552 3421 1682 3469; x_wconf 89' lang='lat' dir='ltr'><strong>Cum</strong></span> 
     </span>
     <span class='ocr_line' id='line_1_40' title="bbox 623 3492 1683 3558; baseline 0.003 -18"><span class='ocrx_word' id='word_1_235' title='bbox 623 3492 737 3544; x_wconf 78' lang='lat' dir='ltr'><strong>liaec</strong></span> <span class='ocrx_word' id='word_1_236' title='bbox 772 3493 881 3558; x_wconf 83' lang='lat' dir='ltr'><strong>jam</strong></span> <span class='ocrx_word' id='word_1_237' title='bbox 917 3492 993 3543; x_wconf 90' lang='lat' dir='ltr'><strong>bis</strong></span> <span class='ocrx_word' id='word_1_238' title='bbox 1028 3493 1325 3555; x_wconf 85' lang='lat' dir='ltr'><strong>edidissem,</strong></span> <span class='ocrx_word' id='word_1_239' title='bbox 1346 3495 1521 3543; x_wconf 86' lang='lat' dir='ltr'><strong>Zoilus</strong></span> <span class='ocrx_word' id='word_1_240' title='bbox 1541 3495 1683 3543; x_wconf 75' lang='grc' dir='ltr'><strong><em>κυνό-</em></strong></span> 
     </span>
     <span class='ocr_line' id='line_1_41' title="bbox 622 3569 1683 3632; baseline -0.001 -13"><span class='ocrx_word' id='word_1_241' title='bbox 622 3587 715 3627; x_wconf 68' lang='lat' dir='ltr'><strong>ms</strong></span> <span class='ocrx_word' id='word_1_242' title='bbox 732 3584 893 3618; x_wconf 87' lang='lat' dir='ltr'><strong>meam</strong></span> <span class='ocrx_word' id='word_1_243' title='bbox 922 3569 1081 3618; x_wconf 76' lang='lat' dir='ltr'><strong>totius</strong></span> <span class='ocrx_word' id='word_1_244' title='bbox 1102 3569 1253 3632; x_wconf 86' lang='lat' dir='ltr'><strong>hujus</strong></span> <span class='ocrx_word' id='word_1_245' title='bbox 1274 3569 1374 3617; x_wconf 89' lang='lat' dir='ltr'><strong>loci</strong></span> <span class='ocrx_word' id='word_1_246' title='bbox 1398 3570 1683 3618; x_wconf 87' lang='lat' dir='ltr'><strong>restitutio·</strong></span> 
     </span>
     <span class='ocr_line' id='line_1_42' title="bbox 622 3643 1682 3707; baseline 0 -13"><span class='ocrx_word' id='word_1_247' title='bbox 622 3659 740 3694; x_wconf 87' lang='lat' dir='ltr'><strong>nem</strong></span> <span class='ocrx_word' id='word_1_248' title='bbox 764 3657 1129 3707; x_wconf 77' lang='lat' dir='ltr'><strong>usquequaque</strong></span> <span class='ocrx_word' id='word_1_249' title='bbox 1168 3643 1432 3706; x_wconf 84' lang='lat' dir='ltr'><strong>probavit,</strong></span> <span class='ocrx_word' id='word_1_250' title='bbox 1464 3653 1682 3706; x_wconf 85' lang='lat' dir='ltr'><strong>praeter-</strong></span> 
     </span>
     <span class='ocr_line' id='line_1_43' title="bbox 621 3718 1678 3784; baseline 0.005 -17"><span class='ocrx_word' id='word_1_251' title='bbox 621 3733 774 3782; x_wconf 85' lang='lat' dir='ltr'><strong>quam</strong></span> <span class='ocrx_word' id='word_1_252' title='bbox 808 3718 863 3768; x_wconf 89' lang='lat' dir='ltr'><strong>in</strong></span> <span class='ocrx_word' id='word_1_253' title='bbox 894 3719 1105 3779; x_wconf 70' lang='lat' dir='ltr'><strong>gemina,</strong></span> <span class='ocrx_word' id='word_1_254' title='bbox 1138 3732 1232 3781; x_wconf 82' lang='lat' dir='ltr'><strong>pro</strong></span> <span class='ocrx_word' id='word_1_255' title='bbox 1268 3733 1367 3782; x_wconf 91' lang='lat' dir='ltr'><strong>quo</strong></span> <span class='ocrx_word' id='word_1_256' title='bbox 1392 3721 1565 3770; x_wconf 81' lang='lat' dir='ltr'><strong>Lamia</strong></span> <span class='ocrx_word' id='word_1_257' title='bbox 1588 3737 1678 3784; x_wconf 85' lang='lat' dir='ltr'><strong>po-</strong></span> 
     </span>
     <span class='ocr_line' id='line_1_44' title="bbox 622 3795 1678 3859; baseline 0.001 -13"><span class='ocrx_word' id='word_1_258' title='bbox 622 3795 758 3846; x_wconf 70' lang='lat' dir='ltr'><strong>suitz</strong></span> <span class='ocrx_word' id='word_1_259' title='bbox 794 3808 963 3858; x_wconf 89' lang='lat' dir='ltr'><strong>neque</strong></span> <span class='ocrx_word' id='word_1_260' title='bbox 990 3795 1252 3858; x_wconf 81' lang='lat' dir='ltr'><strong>professus</strong></span> <span class='ocrx_word' id='word_1_261' title='bbox 1286 3802 1383 3858; x_wconf 91' lang='lat' dir='ltr'><strong>est,</strong></span> <span class='ocrx_word' id='word_1_262' title='bbox 1412 3810 1563 3859; x_wconf 88' lang='lat' dir='ltr'><strong>quem</strong></span> <span class='ocrx_word' id='word_1_263' title='bbox 1598 3813 1678 3848; x_wconf 86' lang='lat' dir='ltr'><strong>se-</strong></span> 
     </span>
     <span class='ocr_line' id='line_1_45' title="bbox 620 3870 1676 3934; baseline 0.003 -14"><span class='ocrx_word' id='word_1_264' title='bbox 620 3875 772 3920; x_wconf 87' lang='lat' dir='ltr'><strong>cutus</strong></span> <span class='ocrx_word' id='word_1_265' title='bbox 796 3870 882 3933; x_wconf 86' lang='lat' dir='ltr'><strong>sit,</strong></span> <span class='ocrx_word' id='word_1_266' title='bbox 900 3876 994 3918; x_wconf 83' lang='lat' dir='ltr'><strong>aut</strong></span> <span class='ocrx_word' id='word_1_267' title='bbox 1014 3870 1153 3919; x_wconf 86' lang='lat' dir='ltr'><strong>unde</strong></span> <span class='ocrx_word' id='word_1_268' title='bbox 1173 3873 1433 3934; x_wconf 85' lang='lat' dir='ltr'><strong>sumserit,</strong></span> <span class='ocrx_word' id='word_1_269' title='bbox 1456 3873 1546 3922; x_wconf 85' lang='lat' dir='ltr'><strong>sed</strong></span> <span class='ocrx_word' id='word_1_270' title='bbox 1572 3888 1676 3923; x_wconf 92' lang='lat' dir='ltr'><strong>om-</strong></span> 
     </span>
     <span class='ocr_line' id='line_1_46' title="bbox 620 3947 1677 4012; baseline 0.003 -16"><span class='ocrx_word' id='word_1_271' title='bbox 620 3948 705 3997; x_wconf 79' lang='lat' dir='ltr'><strong>nia</strong></span> <span class='ocrx_word' id='word_1_272' title='bbox 725 3947 825 3999; x_wconf 87' lang='lat' dir='ltr'><strong>sibi</strong></span> <span class='ocrx_word' id='word_1_273' title='bbox 848 3961 991 3996; x_wconf 89' lang='lat' dir='ltr'><strong>more</strong></span> <span class='ocrx_word' id='word_1_274' title='bbox 1010 3962 1119 4008; x_wconf 82' lang='lat' dir='ltr'><strong>suo,</strong></span> <span class='ocrx_word' id='word_1_275' title='bbox 1148 3949 1186 3997; x_wconf 90' lang='lat' dir='ltr'><strong>i.</strong></span> <span class='ocrx_word' id='word_1_276' title='bbox 1206 3962 1256 3997; x_wconf 86' lang='lat' dir='ltr'><strong>e.</strong></span> <span class='ocrx_word' id='word_1_277' title='bbox 1291 3949 1677 4012; x_wconf 80' lang='lat' dir='ltr'><strong>impudentissi-</strong></span> 
     </span>
     <span class='ocr_line' id='line_1_47' title="bbox 616 4023 1676 4088; baseline 0.005 -16"><span class='ocrx_word' id='word_1_278' title='bbox 616 4037 702 4072; x_wconf 87' lang='lat' dir='ltr'><strong>me</strong></span> <span class='ocrx_word' id='word_1_279' title='bbox 714 4030 802 4088; x_wconf 87' lang='lat' dir='ltr'><strong>atq</strong></span> <span class='ocrx_word' id='word_1_280' title='bbox 810 4023 1521 4088; x_wconf 79' lang='lat' dir='ltr'><strong>ueinjustissims,arrogavit.</strong></span> <span class='ocrx_word' id='word_1_281' title='bbox 1540 4029 1676 4077; x_wconf 80' lang='lat' dir='ltr'><strong>Nam</strong></span> 
     </span>
     <span class='ocr_line' id='line_1_48' title="bbox 616 4099 1676 4168; baseline 0.003 -20"><span class='ocrx_word' id='word_1_282' title='bbox 616 4105 759 4148; x_wconf 89' lang='lat' dir='ltr'><strong>totns</strong></span> <span class='ocrx_word' id='word_1_283' title='bbox 790 4099 874 4149; x_wconf 84' lang='lat' dir='ltr'><strong>hic</strong></span> <span class='ocrx_word' id='word_1_284' title='bbox 909 4102 1054 4149; x_wconf 88' lang='lat' dir='ltr'><strong>locus</strong></span> <span class='ocrx_word' id='word_1_285' title='bbox 1091 4099 1176 4165; x_wconf 86' lang='lat' dir='ltr'><strong>(ut</strong></span> <span class='ocrx_word' id='word_1_286' title='bbox 1214 4109 1415 4149; x_wconf 87' lang='lat' dir='ltr'><strong>ceteros</strong></span> <span class='ocrx_word' id='word_1_287' title='bbox 1452 4102 1676 4168; x_wconf 85' lang='lat' dir='ltr'><strong>taceam)</strong></span> 
     </span>
     <span class='ocr_line' id='line_1_49' title="bbox 616 4176 1674 4239; baseline 0.005 -16"><span class='ocrx_word' id='word_1_288' title='bbox 616 4181 741 4224; x_wconf 86' lang='lat' dir='ltr'><strong>ante</strong></span> <span class='ocrx_word' id='word_1_289' title='bbox 784 4189 949 4226; x_wconf 88' lang='lat' dir='ltr'><strong>meam</strong></span> <span class='ocrx_word' id='word_1_290' title='bbox 994 4176 1293 4239; x_wconf 87' lang='lat' dir='ltr'><strong>editionem,</strong></span> <span class='ocrx_word' id='word_1_291' title='bbox 1328 4178 1674 4228; x_wconf 80' lang='lat' dir='ltr'><strong>miserabilem</strong></span> 
     </span>
     <span class='ocr_line' id='line_1_50' title="bbox 616 4249 1674 4319; baseline 0.004 -19"><span class='ocrx_word' id='word_1_292' title='bbox 616 4250 673 4300; x_wconf 83' lang='lat' dir='ltr'><strong>ia</strong></span> <span class='ocrx_word' id='word_1_293' title='bbox 706 4249 909 4302; x_wconf 87' lang='lat' dir='ltr'><strong>modum</strong></span> <span class='ocrx_word' id='word_1_294' title='bbox 951 4257 1226 4317; x_wconf 86' lang='lat' dir='ltr'><strong>corruptus</strong></span> <span class='ocrx_word' id='word_1_295' title='bbox 1264 4267 1327 4303; x_wconf 85' lang='lat' dir='ltr'><strong>ac</strong></span> <span class='ocrx_word' id='word_1_296' title='bbox 1358 4253 1674 4319; x_wconf 84' lang='lat' dir='ltr'><strong>depravatus</strong></span> 
     </span>
    </p>
   </div>
   <div class='ocr_carea' id='block_1_3' title="bbox 1318 405 2121 456">
    <p class='ocr_par' dir='ltr' id='par_1_5' title="bbox 1318 405 2121 456">
     <span class='ocr_line' id='line_1_51' title="bbox 1318 405 2121 456; baseline 0 -2"><span class='ocrx_word' id='word_1_297' title='bbox 1318 407 1537 456; x_wconf 75' lang='lat' dir='ltr'><strong>No&#39;rAE</strong></span> <span class='ocrx_word' id='word_1_298' title='bbox 1589 405 1991 456; x_wconf 76' lang='lat' dir='ltr'>VARIORUM</span> <span class='ocrx_word' id='word_1_299' title='bbox 2043 405 2121 454; x_wconf 76' lang='lat' dir='ltr'><strong>IN</strong></span> 
     </span>
    </p>
   </div>
   <div class='ocr_carea' id='block_1_4' title="bbox 1747 544 2822 4324">
    <p class='ocr_par' dir='ltr' id='par_1_6' title="bbox 1762 544 2822 836">
     <span class='ocr_line' id='line_1_52' title="bbox 1763 544 2816 610; baseline 0.002 -15"><span class='ocrx_word' id='word_1_300' title='bbox 1763 551 1895 595; x_wconf 85' lang='lat' dir='ltr'><strong>erat.</strong></span> <span class='ocrx_word' id='word_1_301' title='bbox 1927 545 2093 596; x_wconf 74' lang='lat' dir='ltr'><strong>Lamo.</strong></span> <span class='ocrx_word' id='word_1_302' title='bbox 2164 544 2312 596; x_wconf 90' lang='lat' dir='ltr'><strong>Inter</strong></span> <span class='ocrx_word' id='word_1_303' title='bbox 2355 544 2631 597; x_wconf 81' lang='lat' dir='ltr'><strong>blanditias</strong></span> <span class='ocrx_word' id='word_1_304' title='bbox 2679 554 2816 610; x_wconf 85' lang='lat' dir='ltr'><strong>erat,-</strong></span> 
     </span>
     <span class='ocr_line' id='line_1_53' title="bbox 1763 623 2820 688; baseline 0.004 -18"><span class='ocrx_word' id='word_1_305' title='bbox 1763 623 1779 648; x_wconf 89' lang='lat'>‘</span> <span class='ocrx_word' id='word_1_306' title='bbox 1803 636 1972 670; x_wconf 86' lang='lat' dir='ltr'><strong>meum</strong></span> <span class='ocrx_word' id='word_1_307' title='bbox 2015 623 2280 685; x_wconf 87' lang='lat' dir='ltr'><strong>osculum,’</strong></span> <span class='ocrx_word' id='word_1_308' title='bbox 2321 629 2337 652; x_wconf 83' lang='lat'><em>‘</em></span> <span class='ocrx_word' id='word_1_309' title='bbox 2362 639 2530 674; x_wconf 85' lang='lat' dir='ltr'><strong>meum</strong></span> <span class='ocrx_word' id='word_1_310' title='bbox 2551 625 2820 688; x_wconf 55' lang='lat' dir='ltr'><strong>suavium}</strong></span> 
     </span>
     <span class='ocr_line' id='line_1_54' title="bbox 1762 695 2822 760; baseline 0.006 -16"><span class='ocrx_word' id='word_1_311' title='bbox 1762 695 1960 758; x_wconf 77' lang='grc' dir='ltr'><strong>φίλημα,</strong></span> <span class='ocrx_word' id='word_1_312' title='bbox 1979 696 2280 760; x_wconf 75' lang='grc' dir='ltr'>φιλημάτων,</span> <span class='ocrx_word' id='word_1_313' title='bbox 2299 707 2354 749; x_wconf 78' lang='lat' dir='ltr'><strong>et</strong></span> <span class='ocrx_word' id='word_1_314' title='bbox 2372 701 2582 750; x_wconf 75' lang='lat' dir='ltr'><strong>labiosae</strong></span> <span class='ocrx_word' id='word_1_315' title='bbox 2623 701 2822 750; x_wconf 80' lang='lat' dir='ltr'><strong>liabent</strong></span> 
     </span>
     <span class='ocr_line' id='line_1_55' title="bbox 1764 775 2390 836; baseline 0.01 -16"><span class='ocrx_word' id='word_1_316' title='bbox 1764 775 1853 836; x_wconf 88' lang='lat' dir='ltr'><strong>qui</strong></span> <span class='ocrx_word' id='word_1_317' title='bbox 1878 775 2189 824; x_wconf 78' lang='lat' dir='ltr'><strong>osculentur.</strong></span> <span class='ocrx_word' id='word_1_318' title='bbox 2225 775 2390 826; x_wconf 78' lang='lat' dir='ltr'><strong>Faber.</strong></span> 
     </span>
    </p>

    <p class='ocr_par' dir='ltr' id='par_1_7' title="bbox 1747 850 2822 4324">
     <span class='ocr_line' id='line_1_56' title="bbox 1827 850 2818 916; baseline 0.006 -20"><span class='ocrx_word' id='word_1_319' title='bbox 1827 853 1953 898; x_wconf 71' lang='lat'><strong>1163</strong></span> <span class='ocrx_word' id='word_1_320' title='bbox 2013 850 2202 900; x_wconf 81' lang='lat' dir='ltr'><strong>Coetera</strong></span> <span class='ocrx_word' id='word_1_321' title='bbox 2239 853 2299 900; x_wconf 80' lang='lat' dir='ltr'><strong>ds</strong></span> <span class='ocrx_word' id='word_1_322' title='bbox 2337 866 2508 913; x_wconf 76' lang='lat' dir='ltr'><strong>genere</strong></span> <span class='ocrx_word' id='word_1_323' title='bbox 2548 851 2659 916; x_wconf 76' lang='lat' dir='ltr'><strong>hoc]</strong></span> <span class='ocrx_word' id='word_1_324' title='bbox 2699 851 2818 902; x_wconf 89' lang='lat' dir='ltr'><strong>Hoc</strong></span> 
     </span>
     <span class='ocr_line' id='line_1_57' title="bbox 1761 923 2818 991; baseline 0.003 -18"><span class='ocrx_word' id='word_1_325' title='bbox 1761 923 2136 976; x_wconf 85' lang='lat' dir='ltr'><strong>hemistichium</strong></span> <span class='ocrx_word' id='word_1_326' title='bbox 2189 927 2462 991; x_wconf 72' lang='lat' dir='ltr'><strong>aliquoties</strong></span> <span class='ocrx_word' id='word_1_327' title='bbox 2515 928 2581 978; x_wconf 84' lang='lat' dir='ltr'><strong>ab</strong></span> <span class='ocrx_word' id='word_1_328' title='bbox 2635 928 2818 977; x_wconf 88' lang='lat' dir='ltr'><strong>eodem</strong></span> 
     </span>
     <span class='ocr_line' id='line_1_58' title="bbox 1761 1003 2820 1066; baseline 0.004 -18"><span class='ocrx_word' id='word_1_329' title='bbox 1761 1006 2058 1064; x_wconf 85' lang='lat' dir='ltr'><strong>usurpatur,</strong></span> <span class='ocrx_word' id='word_1_330' title='bbox 2107 1007 2166 1051; x_wconf 91' lang='lat' dir='ltr'><strong>ut</strong></span> <span class='ocrx_word' id='word_1_331' title='bbox 2217 1017 2375 1066; x_wconf 85' lang='lat' dir='ltr'><strong>supra</strong></span> <span class='ocrx_word' id='word_1_332' title='bbox 2429 1003 2784 1054; x_wconf 76' lang='lat' dir='ltr'><strong>admonuimus</strong></span> <span class='ocrx_word' id='word_1_333' title='bbox 2803 1019 2820 1052; x_wconf 72' lang='lat' dir='ltr'>z</span> 
     </span>
     <span class='ocr_line' id='line_1_59' title="bbox 1762 1074 2816 1140; baseline 0.006 -17"><span class='ocrx_word' id='word_1_334' title='bbox 1762 1074 1920 1140; x_wconf 86' lang='lat' dir='ltr'><strong>idque.</strong></span> <span class='ocrx_word' id='word_1_335' title='bbox 1940 1083 2202 1126; x_wconf 87' lang='lat' dir='ltr'><strong>mutuatus</strong></span> <span class='ocrx_word' id='word_1_336' title='bbox 2237 1085 2319 1127; x_wconf 90' lang='lat' dir='ltr'><strong>est</strong></span> <span class='ocrx_word' id='word_1_337' title='bbox 2355 1077 2491 1128; x_wconf 88' lang='lat' dir='ltr'><strong>Hor.</strong></span> <span class='ocrx_word' id='word_1_338' title='bbox 2521 1079 2634 1128; x_wconf 87' lang='lat' dir='ltr'><strong>Sat.</strong></span> <span class='ocrx_word' id='word_1_339' title='bbox 2660 1083 2707 1129; x_wconf 90' lang='lat'><strong>1.</strong></span> <span class='ocrx_word' id='word_1_340' title='bbox 2731 1083 2816 1129; x_wconf 70' lang='lat'><strong>13.</strong></span> 
     </span>
     <span class='ocr_line' id='line_1_60' title="bbox 1763 1151 2818 1216; baseline 0.004 -16"><span class='ocrx_word' id='word_1_341' title='bbox 1763 1156 1843 1201; x_wconf 80' lang='lat'><strong>14.</strong></span> <span class='ocrx_word' id='word_1_342' title='bbox 1871 1152 1887 1179; x_wconf 88' lang='lat'>‘</span> <span class='ocrx_word' id='word_1_343' title='bbox 1907 1151 2097 1202; x_wconf 84' lang='lat' dir='ltr'><strong>Cetera</strong></span> <span class='ocrx_word' id='word_1_344' title='bbox 2115 1153 2181 1202; x_wconf 87' lang='lat' dir='ltr'><strong>dc</strong></span> <span class='ocrx_word' id='word_1_345' title='bbox 2205 1151 2395 1216; x_wconf 80' lang='lat' dir='ltr'><strong>&#39;genere</strong></span> <span class='ocrx_word' id='word_1_346' title='bbox 2419 1155 2534 1216; x_wconf 81' lang='lat' dir='ltr'><strong>lioc,</strong></span> <span class='ocrx_word' id='word_1_347' title='bbox 2550 1153 2679 1203; x_wconf 85' lang='lat' dir='ltr'><strong>adeo</strong></span> <span class='ocrx_word' id='word_1_348' title='bbox 2698 1157 2818 1204; x_wconf 81' lang='lat' dir='ltr'><strong>suut</strong></span> 
     </span>
     <span class='ocr_line' id='line_1_61' title="bbox 1761 1228 2822 1292; baseline 0.002 -16"><span class='ocrx_word' id='word_1_349' title='bbox 1761 1228 1942 1290; x_wconf 86' lang='lat' dir='ltr'><strong>multa,</strong></span> <span class='ocrx_word' id='word_1_350' title='bbox 1993 1229 2263 1292; x_wconf 77' lang='lat' dir='ltr'><strong>loquacem</strong></span> <span class='ocrx_word' id='word_1_351' title='bbox 2319 1229 2596 1278; x_wconf 84' lang='lat' dir='ltr'><strong>Delassare</strong></span> <span class='ocrx_word' id='word_1_352' title='bbox 2643 1231 2822 1278; x_wconf 80' lang='lat' dir='ltr'><strong>valent</strong></span> 
     </span>
     <span class='ocr_line' id='line_1_62' title="bbox 1763 1293 2820 1372; baseline 0.002 -20"><span class='ocrx_word' id='word_1_353' title='bbox 1763 1304 2018 1372; x_wconf 59' lang='lat' dir='ltr'><strong>Fabium?</strong></span> <span class='ocrx_word' id='word_1_354' title='bbox 2054 1293 2222 1353; x_wconf 55' lang='lat' dir='ltr'><strong>[Amo.</strong></span> <span class='ocrx_word' id='word_1_355' title='bbox 2301 1304 2491 1354; x_wconf 85' lang='lat' dir='ltr'><strong>Cetera</strong></span> <span class='ocrx_word' id='word_1_356' title='bbox 2527 1305 2595 1353; x_wconf 92' lang='lat' dir='ltr'><strong>de</strong></span> <span class='ocrx_word' id='word_1_357' title='bbox 2627 1315 2820 1368; x_wconf 63' lang='lat' dir='ltr'><strong>genere</strong></span> 
     </span>
     <span class='ocr_line' id='line_1_63' title="bbox 1761 1379 2818 1444; baseline 0 -14"><span class='ocrx_word' id='word_1_358' title='bbox 1761 1379 1859 1430; x_wconf 83' lang='lat' dir='ltr'><strong>hoc</strong></span> <span class='ocrx_word' id='word_1_359' title='bbox 1905 1393 2054 1443; x_wconf 75' lang='lat' dir='ltr'><strong>paene</strong></span> <span class='ocrx_word' id='word_1_360' title='bbox 2098 1379 2299 1429; x_wconf 79' lang='lat' dir='ltr'><strong>infinita</strong></span> <span class='ocrx_word' id='word_1_361' title='bbox 2343 1386 2480 1440; x_wconf 87' lang='lat' dir='ltr'><strong>suut,</strong></span> <span class='ocrx_word' id='word_1_362' title='bbox 2521 1394 2692 1444; x_wconf 88' lang='lat' dir='ltr'><strong>neque</strong></span> <span class='ocrx_word' id='word_1_363' title='bbox 2723 1380 2818 1430; x_wconf 78' lang='lat' dir='ltr'><strong>illa</strong></span> 
     </span>
     <span class='ocr_line' id='line_1_64' title="bbox 1763 1455 2819 1520; baseline 0.001 -16"><span class='ocrx_word' id='word_1_364' title='bbox 1763 1455 2024 1520; x_wconf 77' lang='lat' dir='ltr'><strong>attingere</strong></span> <span class='ocrx_word' id='word_1_365' title='bbox 2041 1469 2230 1515; x_wconf 85' lang='lat' dir='ltr'><strong>coner;</strong></span> <span class='ocrx_word' id='word_1_366' title='bbox 2272 1455 2360 1504; x_wconf 84' lang='lat' dir='ltr'><strong>sed</strong></span> <span class='ocrx_word' id='word_1_367' title='bbox 2389 1455 2572 1518; x_wconf 86' lang='lat' dir='ltr'><strong>optimi</strong></span> <span class='ocrx_word' id='word_1_368' title='bbox 2595 1455 2819 1518; x_wconf 86' lang='lat' dir='ltr'><strong>scripto-</strong></span> 
     </span>
     <span class='ocr_line' id='line_1_65' title="bbox 1762 1531 2819 1595; baseline 0.002 -17"><span class='ocrx_word' id='word_1_369' title='bbox 1762 1533 1834 1580; x_wconf 87' lang='lat' dir='ltr'><strong>ris</strong></span> <span class='ocrx_word' id='word_1_370' title='bbox 1854 1533 2021 1581; x_wconf 84' lang='lat' dir='ltr'><strong>locum</strong></span> <span class='ocrx_word' id='word_1_371' title='bbox 2044 1531 2348 1591; x_wconf 78' lang='lat' dir='ltr'><strong>emendabo,</strong></span> <span class='ocrx_word' id='word_1_372' title='bbox 2383 1531 2472 1595; x_wconf 85' lang='lat' dir='ltr'><strong>qni</strong></span> <span class='ocrx_word' id='word_1_373' title='bbox 2494 1531 2644 1580; x_wconf 85' lang='lat' dir='ltr'><strong>bodie</strong></span> <span class='ocrx_word' id='word_1_374' title='bbox 2677 1545 2709 1580; x_wconf 83' lang='lat' dir='ltr'><strong>a</strong></span> <span class='ocrx_word' id='word_1_375' title='bbox 2729 1546 2819 1580; x_wconf 86' lang='lat' dir='ltr'><strong>ne·</strong></span> 
     </span>
     <span class='ocr_line' id='line_1_66' title="bbox 1762 1605 2820 1669; baseline 0 -15"><span class='ocrx_word' id='word_1_376' title='bbox 1762 1606 1900 1655; x_wconf 88' lang='lat' dir='ltr'><strong>mine</strong></span> <span class='ocrx_word' id='word_1_377' title='bbox 1932 1606 2256 1669; x_wconf 85' lang='lat' dir='ltr'><strong>intelligitur.</strong></span> <span class='ocrx_word' id='word_1_378' title='bbox 2321 1605 2478 1668; x_wconf 81' lang='lat' dir='ltr'><strong>Apud</strong></span> <span class='ocrx_word' id='word_1_379' title='bbox 2513 1605 2820 1669; x_wconf 84' lang='lat' dir='ltr'><strong>Aristopha-</strong></span> 
     </span>
     <span class='ocr_line' id='line_1_67' title="bbox 1764 1680 2818 1745; baseline 0 -15"><span class='ocrx_word' id='word_1_380' title='bbox 1764 1695 1880 1730; x_wconf 85' lang='lat' dir='ltr'><strong>nem</strong></span> <span class='ocrx_word' id='word_1_381' title='bbox 1901 1682 1952 1729; x_wconf 91' lang='lat' dir='ltr'><strong>in</strong></span> <span class='ocrx_word' id='word_1_382' title='bbox 1978 1682 2134 1731; x_wconf 88' lang='lat' dir='ltr'><strong>Pluto</strong></span> <span class='ocrx_word' id='word_1_383' title='bbox 2157 1697 2284 1731; x_wconf 80' lang='lat' dir='ltr'><strong>anus</strong></span> <span class='ocrx_word' id='word_1_384' title='bbox 2308 1682 2544 1745; x_wconf 72' lang='lat' dir='ltr'><strong>quaedam</strong></span> <span class='ocrx_word' id='word_1_385' title='bbox 2565 1687 2647 1730; x_wconf 85' lang='lat' dir='ltr'><strong>cst</strong></span> <span class='ocrx_word' id='word_1_386' title='bbox 2679 1680 2818 1730; x_wconf 81' lang='lat' dir='ltr'><strong>face-</strong></span> 
     </span>
     <span class='ocr_line' id='line_1_68' title="bbox 1763 1757 2817 1822; baseline 0.001 -17"><span class='ocrx_word' id='word_1_387' title='bbox 1763 1757 1830 1805; x_wconf 92' lang='lat' dir='ltr'><strong>tis</strong></span> <span class='ocrx_word' id='word_1_388' title='bbox 1865 1771 1988 1806; x_wconf 86' lang='lat' dir='ltr'><strong>sane</strong></span> <span class='ocrx_word' id='word_1_389' title='bbox 2026 1763 2082 1806; x_wconf 90' lang='lat' dir='ltr'><strong>et</strong></span> <span class='ocrx_word' id='word_1_390' title='bbox 2116 1758 2303 1822; x_wconf 86' lang='lat' dir='ltr'><strong>lepidis</strong></span> <span class='ocrx_word' id='word_1_391' title='bbox 2343 1759 2545 1807; x_wconf 83' lang='lat' dir='ltr'><strong>morata</strong></span> <span class='ocrx_word' id='word_1_392' title='bbox 2565 1757 2817 1806; x_wconf 81' lang='lat' dir='ltr'><strong>moribus.</strong></span> 
     </span>
     <span class='ocr_line' id='line_1_69' title="bbox 1761 1832 2816 1898; baseline -0.003 -16"><span class='ocrx_word' id='word_1_393' title='bbox 1761 1833 1828 1882; x_wconf 80' lang='lat' dir='ltr'><strong>Ei</strong></span> <span class='ocrx_word' id='word_1_394' title='bbox 1869 1834 1990 1882; x_wconf 90' lang='lat' dir='ltr'><strong>olim</strong></span> <span class='ocrx_word' id='word_1_395' title='bbox 2037 1833 2341 1884; x_wconf 78' lang='lat' dir='ltr'><strong>adolescens</strong></span> <span class='ocrx_word' id='word_1_396' title='bbox 2381 1833 2588 1898; x_wconf 87' lang='lat' dir='ltr'><strong>quidam</strong></span> <span class='ocrx_word' id='word_1_397' title='bbox 2623 1832 2816 1894; x_wconf 78' lang='lat' dir='ltr'><strong>fuerat,</strong></span> 
     </span>
     <span class='ocr_line' id='line_1_70' title="bbox 1759 1905 2816 1972; baseline 0.002 -18"><span class='ocrx_word' id='word_1_398' title='bbox 1759 1905 2014 1956; x_wconf 74' lang='lat' dir='ltr'><strong>formosus</strong></span> <span class='ocrx_word' id='word_1_399' title='bbox 2051 1922 2177 1958; x_wconf 87' lang='lat' dir='ltr'><strong>sane</strong></span> <span class='ocrx_word' id='word_1_400' title='bbox 2225 1915 2282 1958; x_wconf 89' lang='lat' dir='ltr'><strong>ct</strong></span> <span class='ocrx_word' id='word_1_401' title='bbox 2325 1914 2584 1968; x_wconf 88' lang='lat' dir='ltr'><strong>strenuus,</strong></span> <span class='ocrx_word' id='word_1_402' title='bbox 2627 1908 2816 1972; x_wconf 88' lang='lat' dir='ltr'><strong>quique</strong></span> 
     </span>
     <span class='ocr_line' id='line_1_71' title="bbox 1764 1986 2821 2048; baseline 0.002 -15"><span class='ocrx_word' id='word_1_403' title='bbox 1764 1998 1850 2034; x_wconf 85' lang='lat' dir='ltr'><strong>res</strong></span> <span class='ocrx_word' id='word_1_404' title='bbox 1883 1986 2042 2048; x_wconf 85' lang='lat' dir='ltr'><strong>ipsius</strong></span> <span class='ocrx_word' id='word_1_405' title='bbox 2085 2000 2152 2034; x_wconf 86' lang='lat' dir='ltr'><strong>ex</strong></span> <span class='ocrx_word' id='word_1_406' title='bbox 2189 1986 2452 2035; x_wconf 86' lang='lat' dir='ltr'><strong>sententia</strong></span> <span class='ocrx_word' id='word_1_407' title='bbox 2495 1986 2821 2048; x_wconf 78' lang='lat' dir='ltr'><strong>procurabat.</strong></span> 
     </span>
     <span class='ocr_line' id='line_1_72' title="bbox 1761 2058 2820 2123; baseline 0.003 -15"><span class='ocrx_word' id='word_1_408' title='bbox 1761 2058 1826 2109; x_wconf 91' lang='lat' dir='ltr'><strong>Id</strong></span> <span class='ocrx_word' id='word_1_409' title='bbox 1851 2061 2091 2123; x_wconf 85' lang='lat' dir='ltr'><strong>quamdiu</strong></span> <span class='ocrx_word' id='word_1_410' title='bbox 2121 2059 2318 2110; x_wconf 83' lang='lat' dir='ltr'><strong>factum</strong></span> <span class='ocrx_word' id='word_1_411' title='bbox 2341 2069 2440 2123; x_wconf 89' lang='lat' dir='ltr'><strong>est,</strong></span> <span class='ocrx_word' id='word_1_412' title='bbox 2466 2060 2658 2110; x_wconf 84' lang='lat' dir='ltr'><strong>tamdiu</strong></span> <span class='ocrx_word' id='word_1_413' title='bbox 2678 2063 2820 2111; x_wconf 86' lang='lat' dir='ltr'><strong>nulla</strong></span> 
     </span>
     <span class='ocr_line' id='line_1_73' title="bbox 1761 2135 2820 2201; baseline 0.003 -19"><span class='ocrx_word' id='word_1_414' title='bbox 1761 2135 1900 2184; x_wconf 88' lang='lat' dir='ltr'><strong>inter</strong></span> <span class='ocrx_word' id='word_1_415' title='bbox 1935 2150 2025 2184; x_wconf 87' lang='lat' dir='ltr'><strong>eos</strong></span> <span class='ocrx_word' id='word_1_416' title='bbox 2051 2136 2306 2196; x_wconf 78' lang='lat' dir='ltr'><strong>simultas,</strong></span> <span class='ocrx_word' id='word_1_417' title='bbox 2335 2137 2566 2201; x_wconf 75' lang='lat' dir='ltr'><strong>jurgium</strong></span> <span class='ocrx_word' id='word_1_418' title='bbox 2599 2139 2820 2200; x_wconf 87' lang='lat' dir='ltr'><strong>nullum,</strong></span> 
     </span>
     <span class='ocr_line' id='line_1_74' title="bbox 1762 2211 2821 2277; baseline 0.003 -18"><span class='ocrx_word' id='word_1_419' title='bbox 1762 2213 1979 2275; x_wconf 85' lang='lat' dir='ltr'><strong>querela</strong></span> <span class='ocrx_word' id='word_1_420' title='bbox 1999 2211 2100 2260; x_wconf 79' lang='lat' dir='ltr'><strong>fuit</strong></span> <span class='ocrx_word' id='word_1_421' title='bbox 2123 2214 2279 2262; x_wconf 83' lang='lat' dir='ltr'><strong>nulla.</strong></span> <span class='ocrx_word' id='word_1_422' title='bbox 2343 2213 2447 2262; x_wconf 85' lang='lat' dir='ltr'><strong>Sed</strong></span> <span class='ocrx_word' id='word_1_423' title='bbox 2472 2215 2487 2241; x_wconf 91' lang='grc'><strong>4</strong></span> <span class='ocrx_word' id='word_1_424' title='bbox 2504 2214 2638 2262; x_wconf 88' lang='lat' dir='ltr'><strong>mala</strong></span> <span class='ocrx_word' id='word_1_425' title='bbox 2669 2220 2821 2277; x_wconf 84' lang='lat' dir='ltr'><strong>aetas,</strong></span> 
     </span>
     <span class='ocr_line' id='line_1_75' title="bbox 1762 2281 2818 2354; baseline 0.003 -18"><span class='ocrx_word' id='word_1_426' title='bbox 1762 2288 1897 2337; x_wconf 85' lang='lat' dir='ltr'><strong>mala</strong></span> <span class='ocrx_word' id='word_1_427' title='bbox 1919 2289 2099 2348; x_wconf 84' lang='lat' dir='ltr'><strong>merx,’</strong></span> <span class='ocrx_word' id='word_1_428' title='bbox 2137 2290 2306 2353; x_wconf 88' lang='lat' dir='ltr'><strong>inquit</strong></span> <span class='ocrx_word' id='word_1_429' title='bbox 2341 2281 2608 2351; x_wconf 75' lang='lat' dir='ltr'><strong>Comicu83</strong></span> <span class='ocrx_word' id='word_1_430' title='bbox 2649 2304 2818 2354; x_wconf 88' lang='lat' dir='ltr'><strong>neque</strong></span> 
     </span>
     <span class='ocr_line' id='line_1_76' title="bbox 1760 2365 2819 2431; baseline 0.002 -17"><span class='ocrx_word' id='word_1_431' title='bbox 1760 2365 1985 2415; x_wconf 84' lang='lat' dir='ltr'><strong>libenter</strong></span> <span class='ocrx_word' id='word_1_432' title='bbox 2019 2367 2244 2416; x_wconf 85' lang='lat' dir='ltr'><strong>vetulam</strong></span> <span class='ocrx_word' id='word_1_433' title='bbox 2283 2374 2422 2416; x_wconf 85' lang='lat' dir='ltr'><strong>amet</strong></span> <span class='ocrx_word' id='word_1_434' title='bbox 2454 2367 2540 2431; x_wconf 87' lang='lat' dir='ltr'><strong>qui</strong></span> <span class='ocrx_word' id='word_1_435' title='bbox 2563 2367 2819 2430; x_wconf 83' lang='lat' dir='ltr'><strong>potiorem</strong></span> 
     </span>
     <span class='ocr_line' id='line_1_77' title="bbox 1761 2441 2818 2508; baseline 0.004 -18"><span class='ocrx_word' id='word_1_436' title='bbox 1761 2441 2115 2491; x_wconf 86' lang='lat' dir='ltr'><strong>conditionem</strong></span> <span class='ocrx_word' id='word_1_437' title='bbox 2165 2442 2370 2493; x_wconf 83' lang='lat' dir='ltr'><strong>babeat.</strong></span> <span class='ocrx_word' id='word_1_438' title='bbox 2439 2444 2628 2508; x_wconf 83' lang='lat' dir='ltr'><strong>Itaque</strong></span> <span class='ocrx_word' id='word_1_439' title='bbox 2679 2457 2818 2494; x_wconf 85' lang='lat' dir='ltr'><strong>ama-</strong></span> 
     </span>
     <span class='ocr_line' id='line_1_78' title="bbox 1762 2519 2816 2584; baseline 0.004 -18"><span class='ocrx_word' id='word_1_440' title='bbox 1762 2519 1866 2566; x_wconf 84' lang='lat' dir='ltr'><strong>sius</strong></span> <span class='ocrx_word' id='word_1_441' title='bbox 1885 2519 1971 2569; x_wconf 89' lang='lat' dir='ltr'><strong>ille</strong></span> <span class='ocrx_word' id='word_1_442' title='bbox 1981 2521 2129 2569; x_wconf 79' lang='lat' dir='ltr'><strong>bouoe</strong></span> <span class='ocrx_word' id='word_1_443' title='bbox 2145 2521 2478 2584; x_wconf 79' lang='lat' dir='ltr'><strong>mulierculae,</strong></span> <span class='ocrx_word' id='word_1_444' title='bbox 2491 2522 2579 2571; x_wconf 90' lang='lat' dir='ltr'><strong>ubi</strong></span> <span class='ocrx_word' id='word_1_445' title='bbox 2595 2522 2816 2584; x_wconf 82' lang='lat' dir='ltr'><strong>primum</strong></span> 
     </span>
     <span class='ocr_line' id='line_1_79' title="bbox 1759 2593 2822 2658; baseline 0.003 -17"><span class='ocrx_word' id='word_1_446' title='bbox 1759 2593 1950 2643; x_wconf 83' lang='lat' dir='ltr'><strong>habere</strong></span> <span class='ocrx_word' id='word_1_447' title='bbox 1981 2597 2145 2658; x_wconf 80' lang='lat' dir='ltr'><strong>coepit</strong></span> <span class='ocrx_word' id='word_1_448' title='bbox 2182 2596 2317 2645; x_wconf 88' lang='lat' dir='ltr'><strong>unde</strong></span> <span class='ocrx_word' id='word_1_449' title='bbox 2350 2611 2434 2645; x_wconf 87' lang='lat' dir='ltr'><strong>res</strong></span> <span class='ocrx_word' id='word_1_450' title='bbox 2465 2596 2822 2646; x_wconf 87' lang='lat' dir='ltr'><strong>constabiliret</strong></span> 
     </span>
     <span class='ocr_line' id='line_1_80' title="bbox 1760 2671 2820 2733; baseline 0.003 -16"><span class='ocrx_word' id='word_1_451' title='bbox 1760 2683 1880 2718; x_wconf 85' lang='lat' dir='ltr'><strong>suas</strong></span> <span class='ocrx_word' id='word_1_452' title='bbox 1915 2677 1972 2720; x_wconf 89' lang='lat' dir='ltr'><strong>et</strong></span> <span class='ocrx_word' id='word_1_453' title='bbox 2005 2671 2103 2719; x_wconf 87' lang='lat' dir='ltr'><strong>sibi</strong></span> <span class='ocrx_word' id='word_1_454' title='bbox 2141 2672 2443 2721; x_wconf 87' lang='lat' dir='ltr'><strong>meliuscule</strong></span> <span class='ocrx_word' id='word_1_455' title='bbox 2474 2671 2693 2733; x_wconf 79' lang='lat' dir='ltr'><strong>faceret,</strong></span> <span class='ocrx_word' id='word_1_456' title='bbox 2727 2672 2820 2720; x_wconf 85' lang='lat' dir='ltr'><strong>de-</strong></span> 
     </span>
     <span class='ocr_line' id='line_1_81' title="bbox 1759 2749 2820 2799; baseline 0.004 -4"><span class='ocrx_word' id='word_1_457' title='bbox 1759 2754 1902 2796; x_wconf 84' lang='lat' dir='ltr'><strong>serta</strong></span> <span class='ocrx_word' id='word_1_458' title='bbox 1923 2749 2122 2797; x_wconf 82' lang='lat' dir='ltr'><strong>misella</strong></span> <span class='ocrx_word' id='word_1_459' title='bbox 2144 2749 2364 2797; x_wconf 88' lang='lat' dir='ltr'><strong>animum</strong></span> <span class='ocrx_word' id='word_1_460' title='bbox 2406 2765 2552 2799; x_wconf 88' lang='lat' dir='ltr'><strong>suum</strong></span> <span class='ocrx_word' id='word_1_461' title='bbox 2578 2751 2679 2799; x_wconf 86' lang='lat' dir='ltr'><strong>alio</strong></span> <span class='ocrx_word' id='word_1_462' title='bbox 2697 2765 2820 2799; x_wconf 87' lang='lat' dir='ltr'><strong>cou-</strong></span> 
     </span>
     <span class='ocr_line' id='line_1_82' title="bbox 1763 2823 2818 2889; baseline 0.004 -19"><span class='ocrx_word' id='word_1_463' title='bbox 1763 2823 1912 2882; x_wconf 81' lang='lat' dir='ltr'><strong>tulit3</strong></span> <span class='ocrx_word' id='word_1_464' title='bbox 1940 2839 2053 2888; x_wconf 83' lang='lat' dir='ltr'><strong>quae</strong></span> <span class='ocrx_word' id='word_1_465' title='bbox 2077 2839 2158 2873; x_wconf 87' lang='lat' dir='ltr'><strong>res</strong></span> <span class='ocrx_word' id='word_1_466' title='bbox 2184 2825 2440 2874; x_wconf 83' lang='lat' dir='ltr'><strong>aniculam</strong></span> <span class='ocrx_word' id='word_1_467' title='bbox 2478 2827 2554 2875; x_wconf 89' lang='lat' dir='ltr'><strong>ita</strong></span> <span class='ocrx_word' id='word_1_468' title='bbox 2578 2826 2818 2889; x_wconf 84' lang='lat' dir='ltr'><strong>perculit,</strong></span> 
     </span>
     <span class='ocr_line' id='line_1_83' title="bbox 1760 2899 2819 2965; baseline 0.005 -19"><span class='ocrx_word' id='word_1_469' title='bbox 1760 2905 1820 2947; x_wconf 90' lang='lat' dir='ltr'><strong>ut</strong></span> <span class='ocrx_word' id='word_1_470' title='bbox 1841 2912 1903 2946; x_wconf 88' lang='lat' dir='ltr'><strong>eo</strong></span> <span class='ocrx_word' id='word_1_471' title='bbox 1927 2899 2101 2948; x_wconf 88' lang='lat' dir='ltr'><strong>dolore</strong></span> <span class='ocrx_word' id='word_1_472' title='bbox 2123 2915 2299 2950; x_wconf 86' lang='lat' dir='ltr'><strong>amens</strong></span> <span class='ocrx_word' id='word_1_473' title='bbox 2329 2907 2383 2949; x_wconf 89' lang='lat' dir='ltr'><strong>et</strong></span> <span class='ocrx_word' id='word_1_474' title='bbox 2419 2902 2575 2964; x_wconf 83' lang='lat' dir='ltr'><strong>plane</strong></span> <span class='ocrx_word' id='word_1_475' title='bbox 2611 2901 2819 2965; x_wconf 80' lang='lat' dir='ltr'><strong>perdita</strong></span> 
     </span>
     <span class='ocr_line' id='line_1_84' title="bbox 1760 2975 2820 3038; baseline 0.003 -16"><span class='ocrx_word' id='word_1_476' title='bbox 1760 2975 1894 3022; x_wconf 86' lang='lat' dir='ltr'><strong>coelo</strong></span> <span class='ocrx_word' id='word_1_477' title='bbox 1949 2981 2208 3038; x_wconf 64' lang='lat' dir='ltr'><strong>terraeque</strong></span> <span class='ocrx_word' id='word_1_478' title='bbox 2271 2990 2524 3024; x_wconf 72' lang='lat' dir='ltr'><strong>aerumnas</strong></span> <span class='ocrx_word' id='word_1_479' title='bbox 2580 2983 2820 3025; x_wconf 85' lang='lat' dir='ltr'><strong>narraret</strong></span> 
     </span>
     <span class='ocr_line' id='line_1_85' title="bbox 1759 3049 2814 3114; baseline 0.003 -18"><span class='ocrx_word' id='word_1_480' title='bbox 1759 3061 1898 3110; x_wconf 86' lang='lat' dir='ltr'><strong>snas,</strong></span> <span class='ocrx_word' id='word_1_481' title='bbox 1937 3057 1996 3098; x_wconf 87' lang='lat' dir='ltr'><strong>ut</strong></span> <span class='ocrx_word' id='word_1_482' title='bbox 2030 3049 2082 3098; x_wconf 89' lang='lat' dir='ltr'><strong>in</strong></span> <span class='ocrx_word' id='word_1_483' title='bbox 2105 3049 2296 3099; x_wconf 84' lang='lat' dir='ltr'><strong>Medea</strong></span> <span class='ocrx_word' id='word_1_484' title='bbox 2322 3051 2515 3099; x_wconf 89' lang='lat' dir='ltr'><strong>Ennius</strong></span> <span class='ocrx_word' id='word_1_485' title='bbox 2551 3057 2607 3099; x_wconf 89' lang='lat' dir='ltr'><strong>et</strong></span> <span class='ocrx_word' id='word_1_486' title='bbox 2629 3051 2814 3114; x_wconf 88' lang='lat' dir='ltr'><strong>Eurip.</strong></span> 
     </span>
     <span class='ocr_line' id='line_1_86' title="bbox 1759 3123 2816 3176; baseline 0.001 -3"><span class='ocrx_word' id='word_1_487' title='bbox 1759 3123 2021 3174; x_wconf 84' lang='lat' dir='ltr'><strong>dixerunt.</strong></span> <span class='ocrx_word' id='word_1_488' title='bbox 2100 3124 2184 3174; x_wconf 86' lang='lat' dir='ltr'><strong>Ibi</strong></span> <span class='ocrx_word' id='word_1_489' title='bbox 2223 3132 2397 3174; x_wconf 84' lang='lat' dir='ltr'><strong>autem</strong></span> <span class='ocrx_word' id='word_1_490' title='bbox 2441 3141 2558 3174; x_wconf 88' lang='lat' dir='ltr'><strong>cum</strong></span> <span class='ocrx_word' id='word_1_491' title='bbox 2601 3127 2816 3176; x_wconf 87' lang='lat' dir='ltr'><strong>chorum</strong></span> 
     </span>
     <span class='ocr_line' id='line_1_87' title="bbox 1757 3198 2816 3262; baseline 0.003 -14"><span class='ocrx_word' id='word_1_492' title='bbox 1757 3198 1991 3262; x_wconf 76' lang='lat' dir='ltr'><strong>adiisset,</strong></span> <span class='ocrx_word' id='word_1_493' title='bbox 2015 3199 2155 3248; x_wconf 87' lang='lat' dir='ltr'><strong>inter</strong></span> <span class='ocrx_word' id='word_1_494' title='bbox 2175 3208 2380 3250; x_wconf 84' lang='lat' dir='ltr'><strong>ceteras</strong></span> <span class='ocrx_word' id='word_1_495' title='bbox 2415 3202 2689 3251; x_wconf 87' lang='lat' dir='ltr'><strong>verborum</strong></span> <span class='ocrx_word' id='word_1_496' title='bbox 2725 3202 2816 3251; x_wconf 91' lang='lat' dir='ltr'><strong>de-</strong></span> 
     </span>
     <span class='ocr_line' id='line_1_88' title="bbox 1757 3274 2813 3340; baseline 0.004 -18"><span class='ocrx_word' id='word_1_497' title='bbox 1757 3275 1927 3336; x_wconf 83' lang='lat' dir='ltr'><strong>licias,</strong></span> <span class='ocrx_word' id='word_1_498' title='bbox 1949 3274 2135 3340; x_wconf 86' lang='lat' dir='ltr'><strong>quibus</strong></span> <span class='ocrx_word' id='word_1_499' title='bbox 2163 3275 2226 3325; x_wconf 83' lang='lat' dir='ltr'><strong>ad</strong></span> <span class='ocrx_word' id='word_1_500' title='bbox 2267 3291 2325 3324; x_wconf 88' lang='lat' dir='ltr'><strong>se</strong></span> <span class='ocrx_word' id='word_1_501' title='bbox 2364 3291 2508 3325; x_wconf 90' lang='lat' dir='ltr'><strong>usum</strong></span> <span class='ocrx_word' id='word_1_502' title='bbox 2543 3291 2656 3326; x_wconf 81' lang='lat' dir='ltr'><strong>esse</strong></span> <span class='ocrx_word' id='word_1_503' title='bbox 2689 3278 2813 3326; x_wconf 88' lang='lat' dir='ltr'><strong>olim</strong></span> 
     </span>
     <span class='ocr_line' id='line_1_89' title="bbox 1757 3351 2814 3413; baseline 0.001 -14"><span class='ocrx_word' id='word_1_504' title='bbox 1757 3351 2142 3401; x_wconf 81' lang='lat' dir='ltr'><strong>adolescentem</strong></span> <span class='ocrx_word' id='word_1_505' title='bbox 2161 3362 2549 3413; x_wconf 86' lang='lat' dir='ltr'><strong>commemorat,</strong></span> <span class='ocrx_word' id='word_1_506' title='bbox 2567 3367 2621 3401; x_wconf 89' lang='lat' dir='ltr'><strong>se</strong></span> <span class='ocrx_word' id='word_1_507' title='bbox 2643 3352 2709 3401; x_wconf 83' lang='lat' dir='ltr'><strong>ab</strong></span> <span class='ocrx_word' id='word_1_508' title='bbox 2727 3352 2814 3400; x_wconf 89' lang='lat' dir='ltr'><strong>illo</strong></span> 
     </span>
     <span class='ocr_line' id='line_1_90' title="bbox 1756 3425 2816 3476; baseline 0.003 -3"><span class='ocrx_word' id='word_1_509' title='bbox 1756 3427 1932 3474; x_wconf 76' lang='lat' dir='ltr'><strong>vocari</strong></span> <span class='ocrx_word' id='word_1_510' title='bbox 1950 3427 2154 3476; x_wconf 85' lang='lat' dir='ltr'><strong>solitam</strong></span> <span class='ocrx_word' id='word_1_511' title='bbox 2178 3441 2290 3475; x_wconf 86' lang='lat' dir='ltr'><strong>esse</strong></span> <span class='ocrx_word' id='word_1_512' title='bbox 2313 3427 2388 3475; x_wconf 85' lang='lat' dir='ltr'><strong>ait</strong></span> <span class='ocrx_word' id='word_1_513' title='bbox 2408 3429 2422 3456; x_wconf 89' lang='grc'><strong>4</strong></span> <span class='ocrx_word' id='word_1_514' title='bbox 2445 3427 2490 3475; x_wconf 85' lang='lat' dir='ltr'>N</span> <span class='ocrx_word' id='word_1_515' title='bbox 2499 3428 2700 3476; x_wconf 84' lang='lat' dir='ltr'><strong>itarium</strong></span> <span class='ocrx_word' id='word_1_516' title='bbox 2718 3425 2734 3450; x_wconf 75' lang='lat'><em>⁹</em></span> <span class='ocrx_word' id='word_1_517' title='bbox 2757 3433 2816 3476; x_wconf 87' lang='lat' dir='ltr'><strong>et</strong></span> 
     </span>
     <span class='ocr_line' id='line_1_91' title="bbox 1757 3500 2816 3564; baseline 0.004 -17"><span class='ocrx_word' id='word_1_518' title='bbox 1757 3501 1774 3528; x_wconf 86' lang='grc'><strong>4</strong></span> <span class='ocrx_word' id='word_1_519' title='bbox 1794 3500 2034 3549; x_wconf 84' lang='lat' dir='ltr'><strong>Batium’</strong></span> <span class='ocrx_word' id='word_1_520' title='bbox 2070 3517 2143 3551; x_wconf 75' lang='lat' dir='ltr'><strong>vs.</strong></span> <span class='ocrx_word' id='word_1_521' title='bbox 2170 3501 2422 3550; x_wconf 69' lang='lat' dir='ltr'><strong>loll-Kal</strong></span> <span class='ocrx_word' id='word_1_522' title='bbox 2456 3502 2514 3560; x_wconf 78' lang='grc' dir='ltr'><strong>νὴ</strong></span> <span class='ocrx_word' id='word_1_523' title='bbox 2545 3501 2640 3564; x_wconf 66' lang='grc' dir='ltr'><strong>ΔΡ,</strong></span> <span class='ocrx_word' id='word_1_524' title='bbox 2673 3501 2816 3551; x_wconf 64' lang='lat' dir='ltr'><strong>eim·</strong></span> 
     </span>
     <span class='ocr_line' id='line_1_92' title="bbox 1754 3575 2814 3641; baseline 0.003 -19"><span class='ocrx_word' id='word_1_525' title='bbox 1754 3575 1989 3636; x_wconf 73' lang='grc' dir='ltr'><strong><em>πουμένην</em></strong></span> <span class='ocrx_word' id='word_1_526' title='bbox 2023 3577 2079 3638; x_wconf 64' lang='grc' dir='ltr'><strong>γ’·</strong></span> <span class='ocrx_word' id='word_1_527' title='bbox 2097 3576 2304 3627; x_wconf 74' lang='grc' dir='ltr'><strong>αἴσθοιτό</strong></span> <span class='ocrx_word' id='word_1_528' title='bbox 2317 3597 2394 3641; x_wconf 81' lang='grc' dir='ltr'><strong>με,</strong></span> <span class='ocrx_word' id='word_1_529' title='bbox 2419 3576 2636 3641; x_wconf 73' lang='grc' dir='ltr'><strong>Νιτάριον</strong></span> <span class='ocrx_word' id='word_1_530' title='bbox 2655 3577 2714 3628; x_wconf 69' lang='grc' dir='ltr'><strong>ἃν</strong></span> <span class='ocrx_word' id='word_1_531' title='bbox 2735 3577 2814 3626; x_wconf 61' lang='grc' dir='ltr'><strong>καὶ</strong></span> 
     </span>
     <span class='ocr_line' id='line_1_93' title="bbox 1754 3649 2815 3717; baseline 0.002 -19"><span class='ocrx_word' id='word_1_532' title='bbox 1754 3649 1920 3700; x_wconf 74' lang='grc' dir='ltr'>Βάτων</span> <span class='ocrx_word' id='word_1_533' title='bbox 1959 3652 2276 3716; x_wconf 69' lang='grc' dir='ltr'><strong>ὑπεκορίζετο.</strong></span> <span class='ocrx_word' id='word_1_534' title='bbox 2327 3656 2430 3703; x_wconf 82' lang='lat' dir='ltr'><strong>‘Et</strong></span> <span class='ocrx_word' id='word_1_535' title='bbox 2470 3669 2564 3717; x_wconf 83' lang='lat' dir='ltr'><strong>per</strong></span> <span class='ocrx_word' id='word_1_536' title='bbox 2604 3655 2815 3716; x_wconf 82' lang='lat' dir='ltr'><strong>Jovem,</strong></span> 
     </span>
     <span class='ocr_line' id='line_1_94' title="bbox 1755 3727 2814 3791; baseline 0.002 -16"><span class='ocrx_word' id='word_1_537' title='bbox 1755 3727 1921 3776; x_wconf 87' lang='lat' dir='ltr'><strong>sicubi</strong></span> <span class='ocrx_word' id='word_1_538' title='bbox 1945 3743 2026 3776; x_wconf 89' lang='lat' dir='ltr'><strong>me</strong></span> <span class='ocrx_word' id='word_1_539' title='bbox 2061 3729 2262 3777; x_wconf 86' lang='lat' dir='ltr'><strong>tristem</strong></span> <span class='ocrx_word' id='word_1_540' title='bbox 2285 3739 2541 3791; x_wconf 87' lang='lat' dir='ltr'><strong>cerneret,</strong></span> <span class='ocrx_word' id='word_1_541' title='bbox 2564 3729 2814 3778; x_wconf 86' lang='lat' dir='ltr'><strong>Nitarion</strong></span> 
     </span>
     <span class='ocr_line' id='line_1_95' title="bbox 1752 3803 2812 3865; baseline 0.004 -16"><span class='ocrx_word' id='word_1_542' title='bbox 1752 3804 2072 3865; x_wconf 85' lang='lat' dir='ltr'><strong>appellabat,</strong></span> <span class='ocrx_word' id='word_1_543' title='bbox 2085 3811 2175 3853; x_wconf 86' lang='lat' dir='ltr'><strong>aut</strong></span> <span class='ocrx_word' id='word_1_544' title='bbox 2191 3805 2398 3853; x_wconf 86' lang='lat' dir='ltr'><strong>Batium</strong></span> <span class='ocrx_word' id='word_1_545' title='bbox 2419 3803 2598 3861; x_wconf 82' lang='lat' dir='ltr'><strong>suum,’</strong></span> <span class='ocrx_word' id='word_1_546' title='bbox 2655 3805 2812 3855; x_wconf 79' lang='lat' dir='ltr'><strong>Quae·</strong></span> 
     </span>
     <span class='ocr_line' id='line_1_96' title="bbox 1751 3879 2815 3945; baseline 0.003 -19"><span class='ocrx_word' id='word_1_547' title='bbox 1751 3879 2072 3944; x_wconf 84' lang='lat' dir='ltr'><strong>rituritaque</strong></span> <span class='ocrx_word' id='word_1_548' title='bbox 2089 3881 2213 3943; x_wconf 89' lang='lat' dir='ltr'><strong>quid</strong></span> <span class='ocrx_word' id='word_1_549' title='bbox 2232 3881 2299 3930; x_wconf 90' lang='lat' dir='ltr'><strong>sit</strong></span> <span class='ocrx_word' id='word_1_550' title='bbox 2317 3883 2362 3930; x_wconf 90' lang='lat' dir='ltr'>N</span> <span class='ocrx_word' id='word_1_551' title='bbox 2371 3882 2594 3944; x_wconf 76' lang='lat' dir='ltr'><strong>itai-ium,</strong></span> <span class='ocrx_word' id='word_1_552' title='bbox 2607 3881 2729 3945; x_wconf 85' lang='lat' dir='ltr'><strong>quid</strong></span> <span class='ocrx_word' id='word_1_553' title='bbox 2743 3882 2815 3930; x_wconf 86' lang='lat' dir='ltr'><strong>sit</strong></span> 
     </span>
     <span class='ocr_line' id='line_1_97' title="bbox 1751 3954 2817 4019; baseline 0.002 -17"><span class='ocrx_word' id='word_1_554' title='bbox 1751 3954 1975 4002; x_wconf 83' lang='lat' dir='ltr'><strong>Batium.</strong></span> <span class='ocrx_word' id='word_1_555' title='bbox 2039 3954 2147 4003; x_wconf 91' lang='lat' dir='ltr'><strong>Alii</strong></span> <span class='ocrx_word' id='word_1_556' title='bbox 2166 3956 2264 4003; x_wconf 86' lang='lat' dir='ltr'><strong>aliu</strong></span> <span class='ocrx_word' id='word_1_557' title='bbox 2287 3955 2510 4006; x_wconf 84' lang='lat' dir='ltr'><strong>fortasse</strong></span> <span class='ocrx_word' id='word_1_558' title='bbox 2531 3955 2817 4019; x_wconf 82' lang='lat' dir='ltr'><strong>conferent,</strong></span> 
     </span>
     <span class='ocr_line' id='line_1_98' title="bbox 1751 4029 2812 4098; baseline 0.006 -22"><span class='ocrx_word' id='word_1_559' title='bbox 1751 4039 1841 4076; x_wconf 82' lang='lat' dir='ltr'><strong>nos</strong></span> <span class='ocrx_word' id='word_1_560' title='bbox 1873 4043 1953 4091; x_wconf 85' lang='lat' dir='ltr'><strong>ea,</strong></span> <span class='ocrx_word' id='word_1_561' title='bbox 1979 4029 2187 4094; x_wconf 87' lang='lat' dir='ltr'><strong>Lector,</strong></span> <span class='ocrx_word' id='word_1_562' title='bbox 2216 4047 2332 4095; x_wconf 81' lang='lat' dir='ltr'><strong>quae</strong></span> <span class='ocrx_word' id='word_1_563' title='bbox 2358 4033 2470 4095; x_wconf 87' lang='lat' dir='ltr'><strong>jam</strong></span> <span class='ocrx_word' id='word_1_564' title='bbox 2498 4037 2607 4098; x_wconf 85' lang='lat' dir='ltr'><strong>jam</strong></span> <span class='ocrx_word' id='word_1_565' title='bbox 2648 4034 2812 4096; x_wconf 82' lang='lat' dir='ltr'><strong>leges.</strong></span> 
     </span>
     <span class='ocr_line' id='line_1_99' title="bbox 1747 4103 2810 4171; baseline 0.005 -20"><span class='ocrx_word' id='word_1_566' title='bbox 1747 4103 1970 4168; x_wconf 79' lang='lat' dir='ltr'><strong>Scripsit</strong></span> <span class='ocrx_word' id='word_1_567' title='bbox 1990 4106 2109 4154; x_wconf 90' lang='lat' dir='ltr'><strong>olim</strong></span> <span class='ocrx_word' id='word_1_568' title='bbox 2130 4108 2486 4170; x_wconf 83' lang='lat' dir='ltr'><strong>Symmachus,</strong></span> <span class='ocrx_word' id='word_1_569' title='bbox 2503 4107 2810 4171; x_wconf 83' lang='lat' dir='ltr'><strong>Aristopha-</strong></span> 
     </span>
     <span class='ocr_line' id='line_1_100' title="bbox 1747 4177 2812 4244; baseline 0.004 -17"><span class='ocrx_word' id='word_1_570' title='bbox 1747 4177 1826 4228; x_wconf 86' lang='lat' dir='ltr'><strong>nis</strong></span> <span class='ocrx_word' id='word_1_571' title='bbox 1853 4180 2128 4244; x_wconf 83' lang='lat' dir='ltr'><strong>interpres,</strong></span> <span class='ocrx_word' id='word_1_572' title='bbox 2153 4183 2273 4231; x_wconf 88' lang='lat' dir='ltr'><strong>ideo</strong></span> <span class='ocrx_word' id='word_1_573' title='bbox 2318 4186 2334 4211; x_wconf 88' lang='lat'>‘</span> <span class='ocrx_word' id='word_1_574' title='bbox 2357 4183 2634 4233; x_wconf 85' lang='lat' dir='ltr'><strong>Nitarium&#39;</strong></span> <span class='ocrx_word' id='word_1_575' title='bbox 2660 4197 2812 4231; x_wconf 81' lang='lat' dir='ltr'><strong>voca·</strong></span> 
     </span>
     <span class='ocr_line' id='line_1_101' title="bbox 1749 4255 2808 4324; baseline 0.003 -20"><span class='ocrx_word' id='word_1_576' title='bbox 1749 4261 1855 4304; x_wconf 85' lang='lat' dir='ltr'><strong>tam</strong></span> <span class='ocrx_word' id='word_1_577' title='bbox 1870 4255 2028 4308; x_wconf 84' lang='lat' dir='ltr'><strong>fuisse</strong></span> <span class='ocrx_word' id='word_1_578' title='bbox 2041 4258 2316 4322; x_wconf 85' lang='lat' dir='ltr'><strong>aniculam,</strong></span> <span class='ocrx_word' id='word_1_579' title='bbox 2327 4259 2458 4324; x_wconf 89' lang='lat' dir='ltr'><strong>quod</strong></span> <span class='ocrx_word' id='word_1_580' title='bbox 2473 4259 2808 4322; x_wconf 82' lang='lat' dir='ltr'><strong>Nitarusqni-</strong></span> 
     </span>
    </p>
   </div>
  </div>
 </body>
</html>
