3200 4959
604 416 778 482 1378

607 580 751 627 terea
781 574 906 641 quid
941 575 1040 625 sibi
1070 577 1247 626 volunt
1281 576 1387 635 ills,
1427 576 1442 603 ‘
1463 576 1661 625 animus

608 653 737 717 quas
759 653 825 705 ab
846 668 902 702 se
936 653 1168 717 protinus
1201 652 1377 702 abdit?
1396 651 1410 674 '
1445 654 1589 702 Nam
1620 651 1663 699 si

605 731 704 779 hoc
747 729 1059 794 significant,
1094 731 1316 781 animum
1361 729 1537 779 statim
1580 740 1664 775 res

600 804 792 855 dubias
831 820 862 855 a
895 821 952 856 se
987 809 1260 870 repellere,
1301 812 1457 871 atque
1494 820 1526 853 a
1548 816 1665 867 per·-

609 882 802 945 spicuis
833 889 890 931 et
928 883 1127 946 apertis
1169 884 1503 945 distinguere,
1545 882 1667 945 quia

607 958 698 1008 has
752 958 1028 1021 intelligat,
1064 960 1177 1007 illas
1227 958 1667 1022 comprehendere

609 1048 715 1083 nou
737 1034 928 1097 possit3
962 1033 1144 1084 falsum
1168 1042 1248 1083 est
1271 1034 1394 1084 nihil
1417 1048 1530 1082 esse
1567 1048 1667 1081 ma·

607 1110 686 1174 gis
709 1111 989 1173 egregium,
1011 1126 1164 1177 quiam
1187 1127 1267 1162 res
1289 1118 1498 1174 apertas
1521 1125 1552 1158 a
1573 1109 1667 1159 dn·-

609 1188 710 1239 biis
731 1202 1016 1237 secernere.
1083 1188 1307 1243 Omnino
1342 1190 1392 1237 in
1431 1187 1667 1237 hocloco

613 1263 736 1313 mihi
774 1278 909 1327 aqua
949 1263 1132 1325 haeret,
1179 1278 1343 1328 neque
1387 1263 1669 1328 quidquam

608 1337 750 1387 aliud
773 1337 948 1387 dicere
967 1353 1194 1400 possum,
1229 1352 1381 1402 quam
1403 1336 1538 1401 quod
1565 1350 1669 1384 mo-

611 1413 683 1465 do
716 1413 848 1475 dixi,
883 1414 1005 1463 mihi
1041 1416 1134 1464 hos
1157 1429 1332 1469 versus
1369 1428 1470 1463 non
1510 1411 1672 1461 videri

613 1491 970 1539 Lucretianos.
1003 1490 1169 1539 Lamb.
1239 1493 1368 1539 Num
1397 1489 1520 1539 nihil
1537 1502 1670 1549 egre·

609 1564 724 1626 gius
761 1571 848 1625 est,
893 1580 1030 1627 quam
1061 1581 1138 1613 res
1177 1566 1440 1614 discernere
1472 1568 1675 1627 apertas.

613 1638 700 1689 Ita
721 1640 854 1687 hunc
879 1654 1076 1688 versum
1099 1654 1166 1689 ex
1190 1648 1294 1689 vet.
1309 1639 1452 1688 libris
1469 1638 1676 1701 scripsi.

615 1714 688 1765 Iu.
707 1713 1014 1778 quibusdam
1033 1716 1324 1766 veteribus:
1347 1715 1542 1776 ‹egr-ius.
1565 1715 1678 1777 Maf

617 1790 801 1849 rullus,
834 1804 1087 1852 secernere,
1120 1800 1302 1841 contra
1349 1799 1450 1841 vet.
1496 1790 1679 1839 libros.

617 1866 896 1915 Lambinus
936 1866 1026 1915 lios
1060 1867 1188 1917 duos
1227 1864 1458 1928 ὀβελίζει.
1503 1866 1679 1926 Gifan.

620 1942 693 1991 Hi
708 1942 809 1991 duo
829 1958 1004 1991 versus
1022 1942 1086 1991 ab
1101 1942 1342 2005 imperita
1357 1956 1511 1990 :nanu
1527 1946 1677 1990 sunt:

617 2017 798 2082 itaque
853 2017 1074 2068 delendi.
1124 2019 1296 2068 Faber.
1387 2019 1517 2066 Nam
1560 2016 1684 2065 nihil

615 2094 860 2156 egregius,
883 2098 962 2153 ὅγε.
997 2092 1103 2143 Alii
1125 2094 1289 2143 Codd.
1325 2094 1452 2142 Nam
1475 2092 1596 2141 nihil
1616 2106 1681 2139 ω-

617 2170 755 2229 grim
775 2174 867 2230 est,
904 2175 959 2218 et
984 2174 1146 2217 recte.
1217 2169 1328 2217 Hos
1348 2168 1476 2217 dnos
1499 2182 1679 2216 versus

621 2243 871 2307 rejiciunt
909 2244 1244 2306 interpretes,
1288 2243 1552 2306 improbe:
1610 2258 1683 2293 vs.

621 2324 737 2368 467.
776 2319 955 2368 docuit
1009 2319 1156 2368 ‘Nos
1199 2318 1390 2367 addere
1444 2319 1683 2382 opinatus

626 2393 820 2455 auimi‚'
867 2393 1028 2457 igitur
1062 2394 1115 2442 in
1157 2410 1228 2443 vs.
1267 2398 1384 2443 470.
1422 2409 1516 2457 pro
1551 2396 1684 2446 abdit

624 2470 830 2533 legatur
867 2471 1020 2526 addit,
1057 2474 1113 2517 et
1152 2475 1262 2518 tum
1307 2470 1478 2519 omnia
1529 2472 1687 2534 plana

626 2552 778 2593 erunt
799 2552 854 2594 et
877 2542 1084 2595 facilia:
1124 2545 1368 2593 Fallimur
1385 2546 1436 2594 in
1453 2547 1685 2596 omnibus

623 2621 741 2671 istis
764 2622 1018 2684 exemplis
1042 2636 1157 2685 quae
1178 2620 1330 2670 modo
1347 2622 1686 2686 enumeravit,

624 2695 783 2760 idque
806 2696 964 2744 etiam
985 2695 1270 2755 admoniti3
1303 2695 1516 2747 difficile
1552 2698 1687 2747 enim

621 2770 869 2835 profecto
907 2779 992 2821 est
1024 2786 1128 2820 non
1162 2771 1354 2821 addere
1395 2772 1687 2835 opinionem

625 2848 780 2895 animi
804 2847 957 2896 rebus
991 2861 1022 2894 a
1066 2862 1218 2895 sensu
1254 2846 1456 2896 delatis,
1495 2848 1685 2897 Creeck.

630 2922 760 2969 Nam
776 2921 898 2969 nihil
911 2920 1148 2982 egregius,
1171 2936 1311 2983 quam
1325 2937 1400 2970 res
1421 2926 1490 2971 est
1503 2938 1691 2973 cernere

627 3001 831 3059 apertas,
864 2996 951 3044 Sic
975 2997 1149 3045 Sanct.
1166 2997 1216 3044 in
1238 2998 1367 3046 Min.
1395 2998 1483 3047 lib.
1505 3003 1551 3048 1.
1575 3013 1691 3062 cap.

629 3076 712 3121 11.
779 3071 1021 3129 Ceterum
1047 3078 1104 3119 ut
1158 3071 1466 3135 ‘proprior'
1519 3087 1691 3136 apro-

628 3149 770 3212 prius
809 3148 950 3211 apud
991 3149 1166 3200 Plaut.
1201 3148 1253 3197 in
1277 3150 1436 3197 Most.
1467 3153 1515 3197 2.
1540 3153 1588 3197 2.
1609 3153 1691 3198 60.

627 3232 841 3274 auctore
865 3224 1133 3285 Salmasio,
1174 3223 1249 3273 ita
1291 3223 1308 3251 ‘
1327 3223 1594 3287 egregior'
1625 3224 1693 3273 ab

629 3302 888 3363 egregius,
910 3301 1044 3349 unde
1067 3306 1121 3349 et
1157 3308 1395 3349 neutrum
1429 3314 1693 3363 compara·

629 3376 814 3437 tivum,
846 3378 860 3403 ‘
881 3374 1154 3437 egregius,’
1179 3375 1318 3438 quod
1348 3376 1424 3423 sic
1447 3376 1692 3424 occurrit.

635 3450 801 3512 Rreig.
857 3449 1010 3499 Adde
1051 3448 1136 3499 Jo.
1175 3450 1300 3498 Ger.
1348 3451 1586 3500 Vossium
1626 3452 1694 3500 de

636 3526 783 3575 Anal.
806 3531 854 3574 2.
885 3529 968 3575 27.
1007 3525 1095 3573 ubi
1133 3525 1286 3573 sicuti
1324 3526 1340 3553 ‘
1362 3526 1573 3573 arduius
1593 3526 1607 3547 '
1641 3535 1696 3576 et

634 3602 994 3651 ‘arduissimis
1008 3600 1021 3621 '
1039 3616 1070 3647 a
1087 3600 1290 3648 Catone
1312 3600 1415 3648 dici
1438 3600 1621 3649 ostend
1631 3602 1698 3662 it;

601 3705 603 3707 ·
633 3686 792 3741 atque
815 3680 831 3705 ⁴
849 3676 1157 3725 assiduiores
1178 3679 1190 3700 '
1224 3676 1288 3725 ab
1311 3676 1455 3738 aliis;
1511 3677 1585 3725 ita
1606 3677 1695 3728 do-

634 3760 723 3802 cet
746 3750 1056 3813 ‘egregius'
1103 3765 1306 3813 quoque
1347 3766 1411 3800 ex
1457 3766 1570 3801 sese
1606 3768 1694 3802 au-

631 3828 772 3889 geri;
839 3826 1093 3889 quomodo
1137 3826 1398 3874 Pacuvius
1436 3827 1485 3875 in
1533 3828 1695 3881 Medo

633 3902 784 3963 dixit,
830 3900 1059 3948 ‘Mulier
1097 3900 1448 3962 egregiissima
1496 3900 1697 3959 formass

634 3978 748 4027 Imo
787 3977 1142 4040 comparativo
1173 3991 1378 4041 quoque
1403 3993 1519 4027 usus
1553 3980 1695 4027 iuve-

637 4055 780 4109 nitur
799 4054 988 4104 Jnven.
1021 4054 1130 4103 Sat.
1160 4058 1237 4103 10.
1277 4056 1292 4082 ‘
1313 4055 1561 4119 Egregius
1591 4071 1693 4106 coe·

635 4134 746 4192 nat,
796 4129 1079 4193 meliusque
1124 4130 1434 4178 miserrimus
1479 4131 1695 4182 luorum!

639 4203 728 4251 ubi
760 4204 776 4232 ‘
794 4204 1030 4267 egregius
1049 4207 1062 4230 ’
1096 4219 1189 4267 pro
1210 4207 1470 4269 egregiius
1497 4208 1619 4269 poni
1641 4213 1696 4256 et

637 4278 934 4329 Priscianus
959 4284 1198 4341 testatur,
1231 4288 1287 4329 et
1309 4282 1572 4339 sententia
1591 4282 1696 4331 elas·

1233 471 1240 481 .
1293 432 1510 480 NOTAE
1558 430 1963 479 VARIORUM
2010 432 2090 480 ΙΝ

1738 579 1861 623 mat.
1940 572 2075 623 Haec
2113 570 2343 623 Vossius.
2410 572 2483 623 At
2516 586 2643 623 vero
2679 586 2797 637 spe-

1739 650 1883 699 ciosa
1905 649 2030 697 satis
2074 656 2153 697 est
2188 651 2355 699 altera
2392 650 2482 699 illa
2518 650 2797 700 multorum

1739 725 1868 773 Mss.
1890 725 2045 773 lectio
2066 726 2245 786 agrius
2278 731 2367 788 est,
2404 726 2494 774 sed
2534 727 2704 775 minus
2724 727 2799 774 ‚vi-

1740 797 1899 847 detur
1931 799 2227 849 satisfacere
2274 809 2330 850 et
2368 800 2680 863 respondere
2720 801 2799 849 in·

1741 876 1925 925 stituto
1950 876 2119 939 poetae
2152 878 2334 937 nostri,
2359 878 2444 941 qui
2471 877 2659 925 docere
2691 878 2807 926 vult

1742 966 1919 1002 sensus
1935 966 2035 1001 non
2059 950 2340 1014 falli„licet
2364 952 2475 1002 falli
2491 952 2798 1013 videantur3

1743 1034 1798 1077 et
1833 1029 1998 1089 illum,
2035 1028 2122 1093 qui
2170 1030 2427 1093 percipiat
2472 1044 2651 1081 sensus
2686 1046 2802 1081 suos

1742 1117 1846 1153 non
1886 1102 2013 1167 falli,
2048 1105 2212 1156 virum
2234 1120 2345 1155 esse
2381 1106 2665 1170 egregium,
2702 1110 2807 1158 ὅτε.

1743 1186 1804 1228 ut
1824 1184 1873 1228 2.
1894 1184 1943 1229 7.
1994 1180 2131 1229 ‘Sed
2174 1181 2244 1230 nil
2290 1182 2494 1231 dulcius
2532 1189 2633 1245 est,
2670 1183 2805 1233 bene

1745 1268 1896 1317 quam
1932 1255 2131 1303 munita
2164 1264 2345 1306 tenere
2376 1253 2536 1311 Edita
2568 1257 2807 1308 doctrina

1716 1383 1724 1390 ,
1743 1331 2032 1393 sapientum
2054 1333 2249 1395 templa
2266 1332 2483 1394 serena,’
2507 1336 2605 1381 &c.
2625 1333 2807 1397 scripsi

1746 1421 1869 1457 vero
1920 1422 2171 1471 secernere,
2226 1424 2342 1460 cum
2400 1410 2531 1459 Mss.
2577 1410 2805 1473 optimis.

1745 1484 1880 1535 Han.
2808 1511 2817 1520 ·

1813 1564 1906 1609 471
1942 1560 2159 1625 Denique
2192 1564 2263 1613 nil
2301 1563 2451 1628 Scir-i]
2504 1564 2658 1627 Haec,
2694 1578 2807 1628 quas

1750 1643 2053 1699 sequuntur,
2088 1638 2333 1687 dicuutur
2360 1639 2412 1688 in
2438 1639 2777 1688 Academicos
2796 1656 2815 1689 a

1754 1711 1841 1774 qui
1872 1711 1997 1760 nihil
2030 1714 2399 1775 comprehendi
2441 1729 2611 1779 posse,
2634 1728 2810 1763 seusus

1755 1799 1867 1835 esse
1901 1782 2131 1835 fallaceis
2174 1802 2235 1836 ac
2272 1789 2565 1839 mendaceis
2601 1796 2816 1839 conten-

1755 1862 1901 1911 dunt.
1966 1862 2055 1912 Sic
2075 1864 2411 1914 Metrodorus
2440 1866 2619 1929 Chius,
2652 1872 2709 1915 ut
2736 1880 2815 1915 re-

1755 1936 1863 1987 fert
1916 1940 1993 1988 M.
2026 1940 2163 1989 Tull.
2217 1940 2272 1989 in
2319 1942 2568 1991 Lucullo:
2628 1943 2814 2005 ‘Nego

1756 2016 1889 2071 scire
1911 2029 2023 2078 noS,
2058 2017 2343 2067 sciamusne
2366 2018 2556 2083 aliquid
2592 2034 2657 2067 an
2690 2019 2815 2068 nihil

1756 2092 1974 2139 sciamus
1995 2107 2007 2139 ε
2033 2104 2098 2140 ne
2116 2091 2167 2140 id
2187 2090 2354 2154 ipsum
2374 2093 2579 2156 quidem
2598 2094 2817 2155 nescire,

1758 2171 1850 2215 aut
1906 2166 2039 2215 scire
2100 2180 2223 2215 nos:
2281 2181 2378 2217 nec
2426 2169 2636 2217 omnino
2680 2170 2815 2218 sitne

1757 2240 1969 2304 aliquid,
2026 2256 2093 2289 an
2146 2240 2270 2289 nibil
2322 2240 2427 2291 sit.’
2491 2242 2635 2291 Idem
2688 2242 2817 2292 ibid.

1757 2315 1772 2341 ‘
1791 2314 2148 2377 Parmenides,
2162 2316 2312 2365 Xeno
2320 2316 2528 2379 phanes,
2541 2318 2710 2367 minus
2728 2320 2817 2367 bo-

1760 2389 1839 2437 nis
1874 2404 2178 2453 quamquam
2217 2392 2473 2454 versibus,
2508 2392 2601 2441 sed
2645 2399 2819 2449 tamen,

1758 2466 1860 2514 illis
1885 2465 2131 2529 versibus,
2154 2466 2430 2530 increpant
2462 2481 2641 2517 eorum
2678 2483 2817 2517 arro-

1760 2542 2007 2607 gantiam,
2040 2544 2184 2607 quasi
2224 2544 2363 2605 irati,
2402 2544 2507 2608 qui,
2545 2559 2659 2594 cum
2696 2544 2823 2600 sciri

1761 2618 1887 2665 nihil
1911 2618 2093 2681 possit,
2113 2620 2337 2668 audeant
2356 2633 2410 2669 se
2435 2621 2567 2670 scire
2604 2619 2817 2669 dicere!

1761 2693 1982 2742 ibidem:
2016 2694 2291 2759 ‘Dubitari
2324 2710 2429 2745 non
2469 2703 2659 2760 potest,
2697 2697 2818 2759 quin

1763 2770 1965 2819 Socrati
2005 2770 2130 2819 nihil
2165 2771 2233 2820 sit
2271 2772 2434 2821 visum
2475 2774 2593 2822 sciri
2633 2787 2818 2835 posse:

1764 2845 1977 2907 excepit
1996 2858 2150 2893 unum
2185 2851 2409 2907 tantum,
2434 2848 2565 2896 scire
2588 2862 2662 2911 se,
2698 2847 2823 2895 nihil

1765 2934 1821 2967 se
1860 2919 2025 2969 scire:
2062 2918 2188 2968 nihil
2220 2921 2456 2984 amplius.
2492 2923 2613 2986 quid
2654 2924 2824 2982 dicam

1766 2995 1831 3043 de
1876 2996 2136 3045 Platone?
2185 2998 2273 3061 qui
2314 3004 2459 3045 certe
2497 3005 2601 3045 tam
2648 2998 2823 3051 multis

1763 3070 1909 3119 libris
1931 3072 2047 3121 haec
2071 3078 2376 3136 persecutus
2406 3087 2507 3121 non
2532 3080 2688 3129 esset,
2725 3074 2824 3123 nisi

1764 3144 2125 3208 probavisset.’
2170 3146 2333 3197 Loemb.
2387 3148 2503 3197 Vss.
2537 3152 2587 3197 9.
2620 3146 2825 3197 Aca-zle-

1766 3222 1925 3271 micos
1958 3236 2137 3285 novos,
2185 3236 2399 3287 quorum
2440 3222 2681 3286 princeps
2724 3221 2827 3271 fuit

1766 3293 2045 3360 ArcesilaS,
2080 3298 2397 3362 aggreditur,
2436 3305 2491 3349 et
2512 3306 2717 3349 veteres
2738 3300 2826 3363 qui

1768 3372 2034 3421 Socratem
2057 3374 2264 3436 sequuti
2290 3380 2441 3423 sunt:
2495 3373 2666 3437 Siquis
2690 3376 2825 3429 enim,

1767 3447 1965 3497 dixerit
1999 3449 2156 3498 ‘nihil
2196 3450 2317 3497 sciri
2356 3450 2542 3514 posse,’
2582 3450 2635 3499 id
2668 3451 2827 3502 etiam

1768 3522 1933 3586 ipsum
1956 3525 1971 3550 ‘
1990 3524 2114 3572 nihil
2137 3523 2259 3572 sciri
2282 3539 2433 3587 posse
2450 3525 2465 3548 '
2498 3526 2699 3575 nesciat
2737 3540 2827 3575 ne-

1768 3612 1915 3647 cesse
1970 3604 2067 3660 est,
2118 3598 2345 3661 alioquin
2402 3600 2596 3665 aliquid
2650 3602 2827 3651 sciret.

1769 3674 1900 3722 Inde
1920 3673 2249 3723 Metrodorus
2273 3674 2430 3723 Chius
2453 3678 2590 3740 apud
2620 3678 2828 3727 Cicero-

1769 3764 1887 3798 nem
1923 3751 1978 3798 in
2014 3750 2267 3799 Lucullo:
2324 3752 2341 3777 ‘
2363 3751 2517 3815 Nego
2540 3752 2673 3803 scire
2716 3767 2830 3817 nos,

1768 3826 2053 3875 sciamusne
2095 3825 2309 3891 aliquid,
2344 3840 2408 3875 an
2436 3829 2568 3877 nihil
2590 3830 2829 3887 sciamus,

1770 3915 1835 3950 ue
1853 3902 1903 3949 id
1926 3904 2089 3965 ipsum
2112 3903 2319 3966 quidem
2341 3903 2560 3967 nescire,
2580 3911 2673 3954 aut
2692 3906 2829 3955 scire

1769 3992 1883 4038 nos,
1924 3993 2023 4028 nec
2068 3979 2274 4030 omniuo
2314 3980 2453 4028 sitne
2504 3981 2694 4045 aliquid
2740 3988 2831 4033 aut

1768 4055 1893 4103 nihil
1935 4054 2073 4105 sitz’
2120 4056 2213 4105 sed
2251 4071 2367 4105 cum
2408 4056 2699 4107 istiusmodi
2743 4058 2831 4108 ho·

1770 4130 1989 4179 minibus
2043 4145 2144 4181 uon
2184 4138 2268 4181 est
2303 4130 2690 4194 disputandum,
2743 4134 2833 4195 qui

1772 4207 1893 4270 quid
1938 4208 2009 4257 sit
2045 4221 2247 4267 verum,
2287 4206 2409 4270 quid
2454 4204 2657 4269 falsum,
2704 4207 2828 4270 quid

1770 4292 1990 4343 certum,
2005 4285 2131 4350 rquid
2153 4286 2423 4351 incertum,
2440 4284 2561 4349 quid
2588 4284 2656 4333 sit
2678 4287 2833 4347 scire,
