3200 4959
652 440 965 503 cennens
1012 440 1092 489 m
1144 438 1520 489 nicanora.
1568 435 1816 489 Βκιττ.
1865 438 2308 491 Assnnvnr.
2397 428 2567 495 1⁷51

371 586 599 655 forsan
648 586 833 669 quia,
859 583 1267 651 Wakefieldi
1292 582 1528 649 notitia
1564 583 1862 649 literaria
1909 584 2181 662 ductum,
2228 586 2403 653 hunc
2433 586 2570 653 Lu-

374 690 733 754 cretianum
766 686 904 751 Ms.
931 686 1279 751 consulere
1308 683 1625 764 voluerit,
1669 690 1759 764 et,
1787 703 2000 769 opera
2028 686 2315 769 perdita,
2357 690 2572 757 virum

372 790 699 855 eximium
754 787 1175 873 negligentiae
1247 787 1672 853 incusaverit.
1760 785 1963 851 Norit
2013 785 2216 870 igitur
2261 789 2447 870 talis,
2507 792 2570 858 si

374 891 533 973 quis
582 891 731 969 erit,
777 888 1062 955 eundem
1112 886 1420 954 codicem
1468 887 1539 953 in
1590 907 1720 953 sua
1769 885 1931 952 sede
1981 905 2157 953 nunc
2179 906 2186 913 ·
2209 888 2446 970 locari,
2501 901 2572 959 et

376 992 643 1073 signnm
695 989 847 1076 ejus
890 988 1112 1056 class.
1141 1009 1298 1057 csse
1345 989 1485 1058 Nn.
1528 988 1595 1054 2.
1637 988 1747 1054 40.
1835 986 1959 1053 Est
2000 988 2213 1055 nitide
2257 993 2569 1078 scriptus,

376 1090 652 1176 capital.
682 1092 1037 1158 illuminat.
1082 1097 1150 1157 et
1198 1091 1380 1158 notis
1418 1091 1696 1177 margin.
1728 1088 2120 1173 comitatae,
2162 1092 2278 1159 sol.
2312 1095 2477 1161 min.
2501 1104 2572 1162 et

376 1192 746 1259 secundum
774 1190 1265 1261 Wakefieldum
1294 1192 1570 1278 optimae
1595 1199 1800 1259 notae.

1344 1349 1606 1377 —n—

466 1460 639 1526 Cum
666 1458 943 1526 codices
996 1456 1167 1525 Mac.
1198 1457 1585 1526 Lucretiani
1625 1458 1698 1522 in
1723 1457 1972 1523 nostris
2001 1458 2296 1543 publicis
2322 1461 2538 1529 biblio

370 1562 589 1627 thecis
618 1560 789 1628 adeo
816 1561 953 1627 rari
978 1561 1133 1640 sint,
1160 1561 1359 1627 nobis
1387 1560 1652 1626 veniam
1681 1559 1878 1626 dabit
1917 1560 2130 1627 lector
2171 1562 2234 1627 si
2263 1582 2469 1630 unum
2497 1566 2568 1631 in

376 1667 645 1748 privato
670 1682 907 1729 museo
935 1666 1271 1729 servatum
1298 1666 1626 1727 notemus.
1715 1660 1858 1727 Hic
1903 1660 1976 1726 in
2006 1658 2336 1747 Gatalogo
2366 1664 2540 1731 libro

375 1787 519 1832 rum
548 1766 618 1831 in
646 1764 1058 1831 bibliotheca
1097 1762 1608 1851 white-Knights
1637 1762 2046 1828 describitur
2070 1762 2164 1829 N.
2188 1764 2382 1831 4663.
2417 1767 2568 1850 qui-

374 1868 507 1935 bus
549 1866 863 1933 auctione
908 1867 1187 1951 publica
1235 1866 1591 1932 divenditis
1636 1884 1790 1930 enm
1837 1873 2142 1930 emerunt
2165 1865 2566 1950 bibliopolae

376 1968 842 2039 Londinenses
872 1969 1042 2034 bene
1086 1968 1227 2053 noti
1257 1968 1485 2052 Payne
1530 1972 1599 2031 et
1632 1966 1832 2032 Fusa.
1874 1964 2108 2033 Alium
2153 1966 2354 2034 etiam
2396 1970 2568 2035 bene

373 2077 609 2138 notum
663 2071 1103 2156 bibliopolam
1158 2070 1658 2137 Londinensem
1728 2088 1948 2153 penes·
2009 2070 2243 2151 fuerat,
2319 2070 2406 2136 R.
2468 2072 2565 2137 H.
2645 2138 2650 2145 ,

374 2173 643 2239 Evans:
703 2193 873 2238 nunc
919 2175 985 2238 in
1027 2171 1440 2240 bibliotheca
1480 2173 1608 2239 viri
1650 2170 1829 2241 Rev.
1859 2171 1955 2239 H.
1983 2171 2232 2259 Drury,
2278 2172 2480 2239 unius
2525 2160 2575 2241 e*

372 2274 851 2359 ludimagistris
880 2274 1147 2343 Scholee
1176 2274 1678 2354 HarroviensiS,
1706 2281 1941 2343 restat.
