3200 4959
666 434 843 504 1682

670 610 781 647 sum
814 594 957 643 illum
980 586 1198 651 profert,
1218 586 1234 615 ‘
1256 584 1609 647 Assiduusque
1635 594 1724 644 ge·

669 672 742 733 li,’
766 674 864 719 &c.
898 665 1051 715 nihilo
1084 662 1263 724 magis.
1330 660 1417 709 Sic
1442 659 1575 707 enim
1600 656 1719 705 ille:

669 746 850 797 ‘Gelu
895 756 979 792 ars
1029 742 1363 800 monoptoton
1412 749 1525 783 esse
1572 732 1719 781 vult:

668 814 853 873 contra
871 818 1033 869 sentit
1063 814 1363 865 auctoritas.
1433 812 1642 859 Lucret.
1670 812 1720 857 6.

665 901 781 947 206.
817 892 1215 962 “Adsiduusque
1238 889 1341 951 geli
1360 900 1509 937 casus
1532 890 1723 933 morta-

665 974 798 1023 libus
820 969 1021 1021 aufert.'
1058 967 1202 1017 Idem
1224 970 1273 1013 6.
1298 969 1411 1013 155.
1444 965 1459 991 4
1478 956 1722 1024 De'nique

666 1063 806 1113 naepe
822 1046 925 1111 geli
938 1045 1127 1094 multus
1140 1040 1332 1104 fragor,
1348 1046 1501 1101 atque
1516 1035 1698 1085 ruina.’
1710 1036 1725 1058 '

662 1124 833 1175 Lumb.
896 1122 983 1171 Sic
1026 1134 1091 1167 ex
1136 1123 1242 1165 vet.
1298 1114 1442 1163 libris
1496 1111 1722 1177 restitui.

667 1199 835 1261 Quasi,
854 1198 889 1245 i.
912 1212 963 1245 e.
983 1190 1427 1260 quemadmodum.
1496 1188 1722 1239 Quidam

660 1274 801 1337 libri,
840 1264 964 1323 cuin.
1031 1269 1157 1331 Alii,
1211 1267 1345 1330 quin.
1414 1264 1538 1326 Alii,
1586 1264 1724 1326 quia.

664 1350 859 1400 Omnia
881 1347 1125 1399 mendose
1144 1360 1160 1406 ;
1200 1350 1258 1393 ut
1290 1342 1447 1393 etiam
1470 1342 1569 1389 alio
1590 1341 1724 1389 loco.

665 1428 834 1487 Giton.
902 1425 1072 1475 Recte
1107 1421 1283 1471 Lamb.
1320 1422 1335 1448 4
1355 1418 1529 1482 gelum
1548 1415 1563 1438 '
1595 1430 1724 1463 neu-

662 1503 791 1551 trius
813 1500 940 1551 dicit
962 1512 1075 1548 esse
1112 1496 1347 1559 genet-1⁸3
1387 1500 1451 1541 ut
1469 1489 1608 1539 enim
1629 1504 1722 1553 pm

663 1580 680 1606 4
696 1590 854 1627 cornu
868 1577 882 1597 ’
901 1575 1131 1624 veteres‘
1146 1582 1334 1621 cornus
1347 1568 1365 1593 ’
1382 1582 1484 1617 non
1498 1574 1722 1629 tautum,

662 1650 758 1701 sed
794 1656 849 1699 et
884 1644 1161 1697 ‘cornum’
1198 1642 1476 1702 dixerunt;
1516 1642 1593 1689 ita
1625 1634 1720 1703 pro

662 1726 679 1753 ‘
698 1723 848 1786 gelu'
885 1734 1089 1786 quoque
1122 1719 1381 1783 reperitur
1415 1718 1432 1746 ‘
1456 1714 1632 1779 gelus'
1667 1724 1722 1765 et

662 1803 679 1832 4
702 1800 913 1866 gelum,'
936 1798 1003 1848 de
1033 1797 1215 1862 quibus
1251 1795 1371 1844 vide
1404 1793 1559 1843 docte
1600 1794 1722 1857 (pro

660 1876 831 1943 more)
865 1876 1217 1939 disputantem
1255 1870 1383 1921 Ger.
1420 1869 1543 1920 Joh.
1567 1870 1720 1917 Voss.

664 1956 733 2005 de
773 1954 906 2005 Arte
951 1953 1184 2004 Gramm.
1220 1955 1271 1999 2.
1318 1953 1399 1998 1⁷.
1440 1962 1561 2011 pag.
1607 1952 1720 1997 830.

662 2032 779 2079 331.
804 2030 893 2094 qui
913 2028 1105 2077 ibidem
1136 2039 1231 2089 pro
1268 2025 1284 2052 ‘
1307 2024 1508 2073 relaxat
1524 2024 1537 2047 ’
1562 2023 1721 2072 babet

660 2097 950 2155 ‘remittitss
982 2102 1117 2167 quod
1154 2098 1325 2150 tamen
1360 2096 1485 2147 alibi
1521 2110 1623 2147 uon
1645 2098 1721 2147 in-

660 2178 849 2228 venio?
882 2178 1016 2227 Han.
1707 2175 1714 2183 '

728 2256 825 2302 678
849 2252 1041 2314 Mittit]
1078 2251 1167 2300 Sic
1201 2248 1392 2312 legitur
1414 2248 1553 2311 apud
1578 2248 1720 2298 Pris-

660 2330 882 2389 cianum,
900 2334 956 2377 et
977 2328 1053 2375 ita
1078 2325 1272 2374 habent
1292 2322 1505 2373 codices
1532 2324 1723 2382 Veneti

662 2403 995 2467 antiquiores,
1035 2407 1091 2449 et
1132 2400 1469 2461 Parisienses,
1510 2406 1566 2449 et
1614 2406 1723 2449 tres

661 2492 922 2529 manuscr.
985 2476 1331 2525 Memmianus
1351 2486 1523 2523 autem
1547 2475 1724 2536 Mutit,

664 2553 801 2617 quod
827 2552 1164 2614 depravatum
1180 2564 1290 2597 esse
1306 2564 1371 2597 ex
1388 2555 1534 2597 recto
1547 2550 1721 2613 mittit,

662 2628 743 2675 vel
762 2640 931 2675 caecus
954 2624 1129 2673 videat
1150 2641 1163 2673 ε
1186 2625 1201 2651 4
1218 2624 1376 2671 mittit
1392 2623 1407 2644 ’
1430 2630 1602 2673 autem
1628 2638 1723 2686 po-

606 2696 615 2703 “
663 2702 819 2751 situm
843 2715 938 2764 pro
962 2700 1199 2759 dimittit,
1233 2714 1321 2746 seu
1356 2698 1569 2747 omittit.
1606 2713 1723 2748 nam

662 2776 825 2825 ceteri
848 2776 969 2823 libri
994 2775 1129 2837 vulg.
1154 2773 1343 2823 habent
1367 2775 1548 2835 Mutat,
1581 2788 1721 2826 men-

662 2852 804 2901 dose.
834 2850 1001 2899 Lamb.

729 2929 1001 2987 Nereusque
1034 2927 1245 2989 relaxat]
1286 2924 1371 2973 Ita
1414 2925 1615 2974 restitui
1657 2940 1722 2975 ex

663 3002 897 3063 vestigiis
951 3007 1185 3049 veterum
1236 2999 1489 3049 codicum.
1565 3002 1720 3065 Vulg.

657 3079 823 3127 nodos.
850 3074 1033 3125 Gisau.

728 3154 978 3215 Nodosque
998 3153 1208 3214 relaxat]
1242 3152 1325 3200 Sic
1347 3153 1540 3215 legitur
1563 3152 1720 3201 etiam

666 3228 805 3293 apud
832 3228 997 3277 Prisc.
1018 3236 1073 3277 et
1095 3228 1167 3276 ita
1192 3228 1385 3277 habent
1408 3242 1585 3277 omnes
1609 3226 1721 3276 fere

655 3306 751 3355 lib.
777 3306 914 3368 vulg.
939 3312 1135 3366 praeter
1159 3304 1278 3353 Ald.
1314 3304 1477 3369 antiq.
1504 3303 1554 3351 in
1576 3304 1720 3367 quib.

658 3382 851 3443 legitur
874 3395 1101 3442 novosque
1121 3380 1331 3441 relaxat,
1354 3385 1409 3428 et
1446 3380 1521 3427 ita
1555 3379 1654 3427 scri
1663 3394 1718 3440 pq

662 3462 771 3503 tum
809 3463 889 3503 est
926 3454 977 3501 in
1020 3455 1316 3503 membrana
1338 3456 1630 3503 Vaticana:
1665 3454 1716 3501 in

662 3530 865 3579 duobus
889 3530 1001 3577 aliis
1024 3530 1169 3577 libris
1190 3544 1449 3578 manuscr.
1470 3544 1716 3592 venasque,

662 3604 969 3665 quibuscum
1000 3604 1333 3653 consentiunt
1365 3605 1483 3653 libri
1507 3606 1714 3655 Floren-

658 3678 787 3727 tini:
836 3678 890 3725 in
936 3677 1272 3740 Memmiana,
1306 3679 1555 3741 nubesque.
1598 3696 1713 3744 quae

662 3754 935 3815 scripturae
992 3768 1168 3801 omues
1224 3755 1333 3802 sine
1388 3754 1543 3803 dubio
1592 3762 1715 3804 sunt

667 3837 944 3891 corruptae,
988 3829 1089 3877 nisi
1140 3828 1277 3879 forte
1333 3830 1599 3893 probanda
1647 3832 1714 3881 sit

659 3905 939 3968 »criptum-a,
992 3920 1221 3967 venasque
1274 3907 1473 3954 relaxat.
1575 3906 1712 3957 Nam

660 3981 796 4045 quod
818 3981 1009 4029 Thraso
1034 3982 1305 4043 legendum
1329 3988 1507 4030 censet
1526 3996 1712 4030 nervos—

660 4070 745 4117 que
766 4056 970 4117 relaxat,
1006 4057 1171 4105 minus
1197 4058 1382 4119 placet.
1403 4058 1567 4105 Lumb.
1619 4058 1714 4106 G‘r·

660 4128 760 4181 fan.
804 4131 853 4177 in
876 4132 995 4179 Iud.
1039 4134 1263 4179 animum
1308 4134 1429 4181 alibi
1473 4134 1716 4197 habebat,

663 4219 779 4252 cum
812 4205 905 4252 hoc
941 4206 1056 4254 loco
1082 4222 1246 4254 nervos
1283 4207 1505 4269 legebat.
1544 4210 1709 4259 Faber.

662 4281 792 4331 Hor.
832 4281 990 4343 Epist.
1015 4287 1061 4330 1.
1096 4288 1144 4330 3.
1186 4287 1232 4332 3.
1264 4285 1278 4311 ‘
1300 4284 1609 4351 Hebrusque
1637 4289 1711 4335 ni-

1375 438 1587 489 No'rAE
1636 433 2030 485 VARIORUM
2085 430 2165 480 IN

1800 576 1904 627 vali
1925 573 2178 637 compede
2201 569 2440 621 vinctus!
2477 567 2674 617 Creech.

1864 656 1962 701 879
1996 649 2232 711 Frigidus
2275 652 2344 697 est
2381 644 2527 695 etiam
2547 640 2691 703 sons]
2722 640 2856 691 Talis

1799 726 1915 777 fons
1933 732 2013 774 est
2034 726 2089 773 in
2113 725 2295 787 Epiro,
2318 736 2418 771 uon
2455 722 2604 783 longe
2627 734 2658 767 a
2677 718 2856 767 Dodo-

1799 802 1897 851 naei
1925 800 2072 851 Jovis
2113 799 2332 861 templo,
2367 804 2428 847 ut
2468 803 2692 845 testatur
2713 794 2858 843 Mela

1797 878 1888 927 lib.
1910 880 1960 925 2.
1978 877 2056 925 his
2077 875 2284 925 verbis:
2303 875 2321 901 4
2341 875 2410 923 Et
2421 869 2536 921 fons
2557 871 2672 919 ideo
2689 884 2860 929 sacer,

1799 954 1956 1019 quod,
1986 968 2101 1003 cum
2140 952 2211 1001 sit
2247 950 2491 1013 frigidus,
2517 955 2576 997 et
2595 949 2860 997 immersas

1798 1028 1982 1089 faceis,
2024 1030 2162 1078 sicut
2204 1028 2384 1088 ceteri,
2417 1026 2740 1089 exstinguat,
2771 1024 2860 1074 uhi

1797 1105 1910 1155 siue
1929 1108 2050 1168 igue
2071 1105 2258 1168 procul
2290 1103 2652 1164 admoventur,
2682 1114 2862 1151 accen-

1797 1182 1908 1231 dit.’
1945 1182 2014 1231 de
2057 1181 2244 1231 eode-
2283 1178 2434 1229 fonte
2473 1178 2612 1227 Pliu.
2657 1182 2708 1228 2.
2747 1180 2858 1227 103.

1797 1259 1814 1287 4
1831 1258 1894 1306 In
1915 1256 2140 1307 Dodone
2159 1256 2308 1309 ‚lovis
2343 1253 2462 1305 fons
2500 1268 2618 1304 cum
2640 1254 2709 1303 sit
2732 1253 2857 1317 geli-

1797 1334 1912 1396 dus,
1943 1340 2001 1383 et
2028 1334 2294 1383 immersas
2341 1330 2505 1381 faceis
2539 1331 2856 1393 exstinguat,

1795 1412 1838 1459 si
1859 1411 2136 1460 exstinctae
2173 1410 2566 1469 admoveantur,
2597 1406 2859 1455 accendit.

1796 1485 1948 1535 Idem
1963 1485 2180 1535 meridie
2205 1498 2410 1547 semper
2433 1481 2641 1532 deficit:
2666 1496 2770 1545 qua
2790 1481 2858 1530 de

1797 1576 1952 1611 causa
1972 1574 2392 1625 anapauomenon
2416 1557 2644 1609 vocant!
2709 1557 2861 1606 Anti-

1797 1652 1957 1700 gonus
1979 1638 2308 1687 historiarum
2337 1634 2720 1685 admirabilium
2753 1634 2857 1682 col-

1795 1715 2040 1773 lectione,
2066 1712 2180 1776 Περὶ
2207 1710 2260 1761 δὲ
2291 1712 2382 1770 τὴν
2419 1710 2703 1771 Ἀθαμανίαν
2739 1707 2858 1772 ἱερὸν

1796 1788 1909 1839 εἶναι
1946 1793 2148 1852 νυμφῶν,
2187 1788 2236 1837 ἐν
2272 1786 2308 1849 ᾧ
2341 1788 2430 1845 τὴν
2471 1785 2644 1850 κρήνην
2679 1784 2737 1834 τὸ
2771 1784 2857 1845 μὲν

1797 1866 1913 1929 ὕδωρ
1957 1864 2086 1927 ἔχειν
2124 1864 2307 1926 ἄφωνον
2335 1864 2397 1913 ὣς
2435 1860 2630 1926 ψυχρόν·
2665 1860 2694 1909 δ
2723 1860 2766 1909 δ’
2800 1860 2857 1909 ἃν

1798 1943 1994 2006 ὕπερθῇς
2043 1942 2206 2001 αὐτοῦ,
2261 1937 2528 2003 θερμαίνειν·
2583 1938 2664 1986 ἐὰν
2695 1934 2746 1985 δὲ
2787 1954 2857 1985 τις

1797 2018 2053 2083 φρύγανον,
2074 2018 2106 2076 ἢ
2125 2016 2250 2066 ἄλλο
2266 2035 2315 2065 τι
2329 2018 2424 2065 τῶν
2443 2012 2667 2063 τοιούτων
2689 2028 2857 2075 προσε-

1797 2096 1960 2159 νέγκῃ,
1981 2095 2102 2157 μετὰ
2121 2092 2304 2157 φλογὸς
2325 2092 2551 2141 καίεσθαι.
2571 2090 2605 2138 i.
2627 2104 2675 2139 e.
2707 2091 2725 2117 ‘
2745 2089 2858 2138 Cir-

1702 2200 1710 2207 ·
1798 2187 1863 2221 ca
1885 2170 2244 2219 Athamaniam
2279 2176 2455 2215 autem
2491 2166 2552 2231 (i.
2573 2180 2619 2213 e.
2643 2165 2856 2213 Thessa·

1798 2246 1943 2307 llam)
1965 2246 2210 2307 templum
2247 2256 2362 2293 esse
2402 2240 2763 2303 nympharum,
2802 2240 2856 2287 iu

1798 2336 1901 2386 quo
1932 2320 2127 2371 fontem
2166 2333 2299 2380 esse,
2323 2317 2469 2379 cujus
2491 2330 2624 2379 aqua
2645 2329 2762 2363 cum
2789 2315 2858 2363 sit

1797 2398 2147 2461 frigidissima,
2190 2393 2432 2459 quicquid
2479 2402 2653 2443 tamen
2699 2394 2856 2455 super

1799 2490 1914 2523 eam
1939 2488 2122 2537 aquam
2159 2472 2411 2534 posueris,
2433 2468 2690 2517 calefieri:
2718 2468 2854 2531 quod

1795 2550 1838 2597 si
1863 2550 1975 2613 quis
1999 2548 2261 2610 stipulam,
2293 2551 2382 2593 aut
2415 2545 2611 2605 lignum
2635 2543 2854 2604 aridum,

1797 2634 1890 2674 aut
1921 2625 2061 2674 aliud
2104 2622 2366 2687 quippiam
2409 2621 2514 2669 tale
2553 2619 2856 2681 admoverit,

1795 2701 1849 2750 id
1871 2699 2077 2749 flamma
2099 2704 2356 2761 concepta
2391 2695 2566 2745 statim
2605 2694 2856 2745 accendi.’

1794 2777 1959 2825 Iamb-
2023 2775 2087 2823 In
2112 2774 2290 2836 Epiro.
2315 2771 2452 2820 Plin.
2475 2770 2614 2819 Vide
2649 2769 2853 2819 omnino

1797 2848 2174 2913 physiologiam
2209 2862 2261 2911 p.
2286 2850 2433 2897 1059.
2471 2852 2526 2894 et
2561 2845 2700 2909 quod
2736 2845 2852 2895 alibi

1795 2927 1932 2977 dixit
1953 2928 2050 2975 Vir
2074 2927 2335 2975 Maximus
2357 2924 2423 2973 de
2445 2923 2590 2975 fonte
2611 2925 2853 2975 Gratian-

1796 3005 2077 3067 opolitano.
2114 3002 2286 3052 Faber.
2364 3002 2648 3065 Postquam
2691 3007 2854 3051 osten-

1795 3079 1875 3128 dit
1891 3078 1940 3125 in
1963 3079 2110 3129 Jovis
2135 3077 2400 3127 Ammonis
2430 3076 2576 3125 fonte
2607 3077 2733 3125 nihil
2766 3078 2850 3125 ad·-

1795 3154 2030 3202 mirabile
2066 3168 2176 3203 esse
2211 3164 2301 3202 aut
2341 3154 2587 3214 divinum,
2616 3154 2732 3215 jam
2755 3168 2849 3201 vas.

1794 3234 1875 3279 2⁷.
1955 3229 2102 3280 Jovis
2158 3228 2415 3277 Dodonaei
2467 3228 2686 3289 fontem,
2733 3228 2852 3279 Jov‘i

1794 3304 1991 3369 ubique
2028 3304 2267 3362 infestus,
2307 3304 2540 3367 attingit.
2603 3304 2706 3352 ‘In
2745 3306 2850 3355 Do-

1793 3381 1930 3429 done
1954 3377 2127 3430 au'tem
2146 3380 2278 3441 fonS,
2311 3394 2429 3429 cum
2463 3380 2532 3427 sit
2551 3379 2774 3443 gelidus,
2799 3387 2852 3429 et

1790 3454 2056 3503 immersas
2079 3454 2218 3503 faces
2237 3455 2524 3517 extinguat,
2545 3456 2586 3503 si
2605 3452 2848 3505 eatiuctae

1791 3530 2180 3589 admoveantur,
2206 3528 2482 3579 accendit!
2513 3530 2715 3580 Plin.2.
2741 3536 2849 3581 103.

1791 3605 2049 3653 Nimirum
2073 3605 2309 3668 quoniam
2331 3610 2447 3653 sunt
2481 3604 2536 3651 iu
2569 3606 2686 3667 ipsa
2705 3620 2851 3669 aqua,

1790 3683 1872 3729 vel
1901 3690 2041 3731 terra
2078 3682 2168 3730 isti
2208 3696 2354 3745 aqua»,
2392 3680 2648 3743 subjecta,
2689 3682 2850 3730 multa

1787 3756 1922 3820 iguis
1945 3759 2163 3818 semina,
2186 3772 2300 3823 quae
2326 3772 2390 3806 ex
2413 3772 2548 3821 aqua
2579 3772 2850 3821 erumpen-

1787 3835 1862 3882 tia
1883 3834 2095 3898 corpori
2136 3833 2484 3883 inflammabili
2517 3834 2615 3883 viz.
2643 3841 2849 3896 stuppa

1787 3900 1877 3957 aut
1919 3908 2058 3958 te'd'i’e
2109 3915 2350 3957 recenter
2391 3908 2638 3957 extinctae
2675 3909 2848 3957 adhae-

1787 3992 1922 4047 rent,
1945 3994 2000 4034 et
2023 3985 2344 4035 accendunt:
2369 3998 2538 4047 neque
2569 3984 2740 4047 magis
2774 3986 2849 4032 in-

1787 4062 2037 4109 credibile
2079 4061 2276 4109 semina
2319 4060 2451 4123 ignis
2499 4074 2594 4122 per
2649 4048 2850 4109 fontem

1787 4142 2082 4199 erumpere,
2102 4151 2255 4199 quam
2275 4150 2422 4200 aquae
2443 4136 2607 4183 dulcis
2631 4139 2850 4185 scaturi-

1787 4212 1961 4272 ginem
1999 4226 2096 4273 per
2136 4212 2360 4259 medium
2402 4211 2556 4259 maris
2599 4212 2760 4272 oriri;
2793 4221 2848 4262 et

1786 4286 2069 4349 saepissime
2097 4286 2326 4334 videmus
2349 4286 2492 4335 tedas
2506 4294 2748 4335 recenter
2765 4300 2847 4335 ex·
