3200 4959
1017 427 1115 475 nn
1159 426 1225 473 τ.
1274 424 1657 477 Lucnn'rro
1705 425 1925 477 cAno.
2401 414 2574 483 1729

366 573 647 635 Cabbalae
690 572 1337 653 Aetopaedomelissaeae,
1380 574 1562 634 Tom.
1614 591 1659 633 1.
1707 574 1969 652 Operum
2019 573 2572 655 Philosophicorum

366 690 507 747 pag.
530 675 673 737 527.

451 764 889 851 Invocationern
934 765 1192 836 Veneris,
1235 766 1295 824 in
1337 764 1540 825 limine
1580 766 1713 825 libri
1755 766 1926 844 primi
1969 768 2246 839 Lucretii,
2301 772 2575 849 exposuit

368 858 618 919 Gallicis
650 859 909 919 versibus
938 860 1205 937 pluribus
1233 862 1465 920 Poetria
1490 861 1946 937 ingeniosissima
1967 864 2372 926 Desboulieria
2393 870 2576 929 Tom.

372 974 451 1016 11.
482 956 821 1027 carminum,
850 956 1141 1016 editorum
1172 958 1405 1017 Gallice
1436 959 1702 1018 Bruxell.
1738 969 1912 1029 1708.
1945 971 2004 1021 8.
2033 981 2170 1040 pag.
2205 971 2300 1023 80.
2346 971 2362 995 ‘
2387 964 2576 1025 imita-

368 1052 491 1113 tion
548 1050 620 1111 de
666 1053 960 1125 Lucrece,'
989 1070 1061 1113 en
1104 1052 1429 1131 galiinatias
1468 1053 1575 1113 fait
1617 1055 1868 1133 expres?
1935 1056 2044 1117 De.
2070 1058 2438 1120 invocatione
2479 1062 2576 1120 illa

369 1147 655 1206 videndus
681 1147 857 1207 eliam
886 1146 1093 1208 Petrus
1122 1149 1438 1219 Victorius,
1467 1149 1732 1226 Epistola
1757 1150 1831 1209 ad
1873 1153 2160 1213 Joannem
2201 1154 2436 1214 Casam.
2478 1159 2574 1217 Jo.

370 1243 605 1303 Clerico
634 1244 753 1302 viro
782 1243 1129 1315 doctissimo
1156 1245 1335 1323 Tom.
1366 1262 1569 1305 xxvx.
1603 1246 1758 1309 Bibl.
1801 1248 2037 1307 selectae
2076 1234 2210 1328 pag.
2259 1258 2390 1311 154.
2449 1271 2576 1311 rec-

370 1338 487 1398 tius
534 1338 799 1399 facturus
840 1330 1019 1399 fuisse'
1059 1340 1292 1401 videtur
1332 1342 1664 1414 LucretiuS,
1709 1340 1758 1400 si
1799 1326 2105 1403 Rationem
2149 1345 2270 1403 sive
2313 1348 2577 1407 Mentem

372 1442 660 1509 tanquam
689 1436 883 1492 Deum
914 1434 971 1493 iu
1000 1434 1197 1495 limine
1222 1436 1511 1515 poematis
1540 1436 1764 1515 potius,
1793 1458 1971 1516 quam
2015 1440 2321 1511 Venerem,
2371 1443 2577 1519 implo-

372 1537 585 1601 rasset.
670 1529 789 1589 Sed
850 1530 1182 1605 Lucretius,
1238 1533 1505 1592 sensibus
1546 1533 1682 1611 plus
1726 1553 1900 1611 quam
1943 1536 2151 1595 rationi
2193 1536 2476 1609 tribuens,
2519 1550 2581 1597 et

374 1625 806 1703 generationem
850 1646 1041 1687 rerum
1084 1628 1327 1706 cupiens
1369 1646 1682 1705 exponere,
1726 1630 1951 1689 nullum
2022 1633 2204 1709 magis
2271 1634 2578 1713 physicum

374 1740 615 1791 numen,
646 1740 821 1798 quam
849 1722 1157 1793 Venerem,
1188 1723 1489 1801 appellare
1518 1744 1579 1784 se
1608 1744 1782 1803 posse
1807 1726 2178 1803 existimavit.
2261 1728 2331 1787 In
2363 1730 2579 1789 Lucre·

376 1817 521 1875 tium
563 1816 877 1894 scripserat
916 1817 1055 1877 olim
1098 1818 1298 1885 Velius
1340 1820 1607 1899 Longus,
1650 1822 1824 1899 cujus
1866 1824 2290 1897 commentarii,
2339 1825 2501 1885 citati
2544 1848 2576 1886 a

378 1912 645 1972 Charisio
671 1930 807 1991 pag.
845 1921 980 1981 187.
1010 1914 1154 1975 edit.
1184 1916 1427 1975 Putsch.
1448 1914 1578 1993 ja'm
1609 1918 1839 1995 pridem
1867 1918 2235 1979 intercidere.

873 2044 1086 2103 Poatae
1110 2062 1253 2123 quos
1266 2044 1598 2105 Lucretius
1627 2047 1896 2106 imitatus
1907 2046 2068 2123 fuit.

456 2154 670 2213 poetas
710 2153 967 2213 imitatus
1010 2174 1133 2214 esse
1174 2156 1485 2216 Lucretius
1527 2156 1866 2235 cumprimis
1928 2156 2196 2229 videtur,·
2248 2178 2314 2217 e.
2351 2159 2581 2219 Graecis

286 2326 291 2331 ς
350 2235 705 2331 ,Ηοωει-υω
761 2260 823 2309 et
864 2251 1305 2329 Empedoclem,
1344 2272 1378 2311 e
1420 2254 1636 2313 Latinis
1675 2253 1951 2313 Ennium.
2034 2254 2292 2313 Lucretii
2345 2256 2584 2333 vestigia

378 2338 497 2405 non
526 2344 737 2424 puduit
765 2346 959 2423 legere
987 2346 1381 2425 Virgiliurnin
1415 2348 1772 2427 Georgicis:
1803 2368 1996 2428 neque
2021 2368 2258 2428 semper
2279 2370 2412 2409 eum
2442 2352 2585 2411 vicit

377 2450 483 2501 aut
508 2451 644 2520 post
664 2462 724 2501 se
742 2442 994 2519 reliquit,
1018 2450 1086 2501 ut
1101 2441 1341 2519 judicat
1362 2444 1696 2507 Alexander
1717 2446 2014 2515 Rossaeus,
2046 2447 2146 2524 qui
2167 2446 2302 2506 loca
2329 2446 2586 2507 Lucretii

379 2538 655 2597 nonnulla
684 2556 823 2597 cum
850 2536 1179 2615 Virgilianis
1206 2540 1464 2599 contulit
1488 2540 1642 2599 libro
1667 2540 1846 2601 tertio
1881 2540 2108 2617 Virgilii
2145 2541 2582 2620 triumphantis,

382 2634 579 2711 capite
606 2632 666 2693 6.
714 2634 1174 2695 obscuritatem
1194 2633 1253 2693 in
1274 2634 1554 2695 Lucretio
1581 2634 1964 2711 reprehendit
1978 2634 2394 2697 -Pallaviciuus.
2445 2636 2584 2697 Non

380 2751 533 2808 opus
562 2740 655 2791 est
681 2750 919 2791 monere
946 2729 1235 2800 eruditos,
1282 2730 1742 2790 commentitiam
1785 2750 1912 2791 esse
1961 2731 2402 2809 inscriptionem
2450 2733 2582 2790 Cae„

382 2836 661 2898 senatem,
691 2826 927 2885 obviam
955 2825 1015 2884 in
1042 2824 1193 2884 Aldi
1225 2826 1480 2887 Manutii
1508 2827 1946 2905 orthographia
1975 2846 2112 2905 pag.
2145 2835 2280 2897 129.
2309 2838 2370 2887 et
2401 2828 2586 2909 Fulvii

382 2922 581 2982 Ursini
625 2920 1005 3001 imaginibus,
1052 2928 1229 3000 atque
1273 2920 1457 2999 apud,
1492 2922 1819 2983 Gruterum
1869 2942 2008 3003 pag.
2065 2938 2466 2993 ccccxxxll.
2525 2932 2583 2981 2.

383 3017 799 3096 laudatamque
844 3038 881 3077 a
929 3016 1275 3077 Mabillonio
1323 3016 1543 3077 itineris
1592 3018 1780 3077 Italici
1833 3038 1970 3097 pag.
2013 3030 2116 3081 42.
2159 3029 2222 3079 et
2287 3018 2586 3077 Bernardo

384 3114 701 3175 Manzouio
730 3113 791 3171 in
833 3112 1227 3191 chronologia
1265 3112 1523 3172 Caesenae
1556 3132 1708 3191 pag.
1757 3114 1892 3175 126.
1935 3115 2114 3173 Tom.
2161 3132 2260 3183 lx,
2299 3116 2586 3173 Thesauri

385 3211 571 3273 ltaliae
600 3218 766 3288 parte
793 3224 954 3269 v111.
986 3215 1003 3243 ‘
1028 3214 1099 3269 Α..
1124 3210 1381 3273 Lucretii
1409 3208 1694 3269 Historici
1723 3230 1790 3269 ac
1819 3211 2018 3271 Poetae
2047 3209 2380 3271 Conditoris
2407 3210 2585 3268 veris-

386 3306 536 3390 simi,
584 3308 681 3366 cui
731 3306 811 3365 ob
846 3306 1252 3367 excellentiam
1305 3306 1521 3384 ingenii
1573 3315 1770 3367 statua
1819 3306 2172 3378 condonata,
2227 3325 2300 3365 ac
2341 3304 2588 3364 Civitati

384 3403 951 3474 Caesenae„Roman.
983 3402 1249 3469 Coloniae
1279 3401 1555 3463 deductae
1582 3402 1643 3461 in
1668 3402 1788 3461 hoc
1816 3422 1990 3463 sacro
2011 3412 2209 3462 moute
2231 3400 2548 3469 dedicata!
2573 3467 2580 3473 ,

464 3495 764 3556 Claudant
786 3515 1049 3576 praesens
1078 3495 1153 3555 de
1182 3496 1458 3555 Lucretio
1488 3505 1672 3574 caput
1699 3494 1759 3554 bi
1789 3515 1988 3555 versus
2025 3495 2358 3557 Mar-ulliani
2383 3515 2420 3552 :.

852 3612 1060 3677 Amor,
1088 3605 1341 3676 Tibulle,
1370 3607 1537 3665 Mars
1564 3604 1696 3677 tibi,
1728 3607 1921 3678 Maro,
1955 3606 2174 3677 debet,³

1098 3701 1379 3761 Terentio
1406 3722 1615 3761 soccus
1637 3702 1782 3761 levis
1807 3723 1823 3765 :

848 3798 1187 3857 Cothurnus
1213 3798 1351 3855 olim
1381 3798 1596 3855 nemini
1621 3798 1760 3857 satis
1785 3799 2058 3870 multum,

1076 3892 1359 3953 ··Horatio·
1374 3893 1548 3951 satira
1574 3901 1637 3952 et
1660 3893 1900 3970 ‘chelyst
1984 3910 1994 3917 ·

862 3990 1097 4049 Natura
1123 3988 1315 4066 magni
1343 3988 1607 4049 versibus
1633 3988 1888 4049 Lucretii

1098 4086 1322 4163 Lepore
1350 4102 1551 4143 museo
1576 4084 1755 4143 illitis-

527 4343 703 4405 Defple.
720 4347 766 4391 et
798 4341 914 4391 Var.
937 4342 1069 4392 Clas.
1392 4340 1589 4391 Lucret.
2349 4345 2378 4388 ⁵
2413 4337 2463 4385 B.
