3200 4959
603 433 670 480 τ.
717 432 1078 481 nuenarii
1128 432 1308 483 cani
1361 432 1459 481 na
1509 430 1776 483 annun
1826 432 2003 483 uxr.
2052 433 2201 483 ma.
2236 434 2335 483 iv.
2424 416 2597 484 1383

398 576 644 625 incertos.
675 572 842 623 Lamo.

469 655 564 699 51³
587 650 746 715 Sequi,
768 649 1010 699 contraria
1030 664 1136 713 qua
1150 650 1274 713 siat]
1300 650 1460 715 Sequi

401 740 520 792 quae
543 726 646 775 sint
683 727 700 753 ‘
723 726 991 775 contraria
1023 723 1317 789 fugiendis,'
1351 725 1386 774 i.
1411 739 1456 774 e.

406 818 524 868 qnae
547 804 653 853 sint
673 802 987 865 expetenda.
1019 803 1188 852 Lamb-

463 884 562 929 614
593 879 692 928 lua
711 879 802 929 tibi
823 884 911 941 est,
933 879 1041 941 ξω]
1075 880 1294 929 Versum
1320 878 1464 927 illum

399 961 704 1019 sequentem
727 970 741 1003 τ
782 956 968 1013 Omnis,
1000 970 1104 1019 φιν.
1123 960 1286 1005 eonem
1303 968 1466 1003 sensus

397 1036 640 1084 marma
675 1039 852 1097 paratu
873 1039 962 1083 est.
1029 1033 1132 1085 Qui
1155 1033 1208 1081 in
1226 1032 1464 1096 vulgatis

399 1108 610 1173 quidem
629 1114 838 1169 exstat3
888 1123 919 1157 a
957 1114 1063 1157 vet.
1105 1106 1254 1157 libris
1292 1114 1464 1156 autem

400 1186 620 1244 aberat3
655 1190 812 1248 atque
833 1183 962 1234 adeo
1005 1184 1236 1248 ineptum
1253 1197 1356 1232 non
1375 1182 1462 1232 ad·-

399 1260 532 1309 misi.
581 1258 754 1319 Gisoa.

470 1336 642 1398 Cassa]
674 1336 843 1397 Vana,
865 1334 1047 1385 inanis.
1079 1335 1249 1387 Lumo.

467 1417 562 1461 615
591 1410 776 1473 Omnis,
791 1416 1074 1473 quocontra
1089 1411 1462 1461 miscem-

399 1491 454 1535 ια
489 1491 659 1549 parata
689 1485 786 1548 est]
833 1486 989 1535 Hunc
1031 1500 1236 1535 versum
1273 1485 1466 1535 habeut

400 1562 568 1612 codex
591 1562 1068 1612 Vatican.Tettian.
1090 1566 1146 1611 et
1163 1562 1463 1611 Memmian.

402 1646 458 1689 ct
479 1639 588 1702 ejus
615 1638 874 1687 sententia
896 1644 980 1687 est
1012 1652 1114 1687 non
1140 1637 1464 1699 inconcinna,

408 1727 522 1762 neo
549 1711 754 1776 quidem
767 1712 997 1775 jndicio.
1064 1712 1264 1761 'l'liraso
1293 1719 1464 1762 autem

403 1802 506 1837 non
525 1788 804 1837 delendum
813 1787 1096 1851 judicavit,
1114 1786 1205 1837 sed
1230 1785 1465 1837 funditus

403 1863 618 1913 delevit.
656 1862 711 1911 Si
733 1877 858 1927 quos
885 1877 1066 1912 versus
1087 1876 1330 1925 negamus
1351 1876 1464 1913 esse

404 1938 659 2000 Lucretii,
696 1937 972 2002 tragoedias
1015 1938 1238 1998 excitat,
1274 1937 1465 1988 elamat

401 2013 676 2077 indiguum
717 2012 936 2063 facinus.
1014 2014 1121 2065 Cur
1157 2022 1262 2062 tam
1299 2013 1465 2063 indul-

401 2104 532 2154 gens
557 2089 610 2138 in
635 2088 840 2152 seipse,
873 2088 925 2137 in
960 2088 1086 2139 alios
1124 2094 1228 2139 tam
1252 2102 1465 2139 severus

402 2166 520 2217 est?
554 2164 726 2214 Lomb.

465 2248 566 2293 516
597 2244 820 2306 Denique
840 2247 892 2291 ut
912 2242 960 2292 ia
976 2241 1193 2305 fabrica]
1208 2241 1336 2291 Vult
1349 2256 1463 2291 sen·

399 2333 486 2367 sus
507 2333 622 2369 esse
639 2328 896 2383 tamquam
914 2319 1136 2369 omnium
1162 2334 1332 2369 rerum
1347 2333 1463 2368 uor-

402 2410 512 2444 mas
535 2409 594 2443 ac
617 2395 837 2455 regulas.
905 2394 1346 2445 Quemadmodum
1369 2392 1464 2457 igi-

402 2478 488 2522 tur
527 2473 570 2521 si
603 2470 738 2521 fabri
775 2470 992 2533 regulis,
1029 2470 1244 2531 normis,
1276 2470 1464 2519 libellis

401 2546 680 2597 fallacibus
696 2552 928 2608 utantur,
951 2544 1174 2596 aediticia
1194 2560 1310 2611 quae
1325 2551 1461 2596 stru·

401 2630 518 2685 unt,
553 2637 713 2687 prava
755 2628 810 2671 et
844 2620 1072 2671 distorta
1113 2622 1254 2681 sint;
1298 2621 1374 2669 ita
1416 2622 1462 2671 si

403 2712 582 2749 sensus
621 2697 782 2747 nostri
821 2697 926 2746 sint
965 2695 1198 2759 fallaces,
1230 2696 1464 2747 actiones

409 2788 588 2824 omues
644 2780 853 2837 nostrae,
893 2772 1028 2822 ratio
1073 2786 1278 2836 quoque
1331 2772 1464 2835 ipsa,

410 2866 528 2917 quae
552 2850 782 2899 sensibus
803 2848 1004 2913 nititur,
1035 2848 1255 2912 incerta,
1289 2850 1465 2899 absur-

413 2926 499 2988 da,
518 2939 696 2988 prava,
716 2940 960 2989 perversa
982 2926 1070 2974 sit.
1139 2926 1288 2975 Licet
1307 2928 1464 2975 etiam

405 3003 504 3052 boc
539 3001 690 3051 modo
711 3016 890 3051 sensus
920 3000 1224 3051 defendere.
1289 3002 1465 3051 Scien-

409 3077 496 3129 tiae
534 3082 694 3126 eertae
730 3084 871 3128 sunt.
925 3076 1196 3141 Principia
1220 3078 1466 3128 seientia·

407 3170 518 3204 rum
551 3154 791 3203 oriuntur
814 3169 844 3202 a
867 3154 1115 3203 sensibus.
1147 3168 1264 3203 nam
1285 3154 1465 3205 induc-

410 3230 578 3279 tiones
609 3236 854 3279 constant
885 3243 952 3277 ex
975 3230 1334 3292 singularibus.
1357 3230 1461 3279 siu·

413 3305 610 3369 gularia
625 3312 802 3355 autem
824 3304 877 3353 in
891 3305 1124 3355 sensibus
1139 3306 1309 3369 posita
1329 3312 1466 3355 sunt.

408 3382 482 3432 At
516 3380 819 3446 syllogismi,
850 3382 938 3447 qui
977 3388 1098 3431 sunt
1128 3383 1384 3447 principia
1409 3390 1468 3432 et

406 3474 574 3509 causae
613 3458 965 3521 scientiarum,
1001 3457 1369 3509 confirmantur
1411 3465 1467 3509 et

407 3535 696 3598 probantur
717 3533 1117 3585 inductionibus.
1183 3537 1322 3599 Ergo
1351 3550 1468 3585 seu-

407 3624 492 3659 sus
533 3610 668 3660 certi
707 3619 848 3673 sunt,
889 3611 1198 3675 minimeque
1237 3610 1464 3661 fallaces.

409 3685 602 3751 alioqui
623 3686 876 3747 scientiae,
899 3700 1012 3751 quae
1031 3687 1268 3736 oriuntur
1303 3702 1336 3735 a
1355 3701 1467 3735 sen·

410 3762 573 3825 sibus,
594 3768 767 3811 essent
787 3762 912 3824 ipsae
933 3776 1135 3826 quoque
1158 3761 1368 3815 fallaces
1391 3769 1468 3812 at-

410 3852 514 3902 que
557 3838 790 3887 incertae.
823 3839 838 3865 ‘
864 3837 1103 3901 Regula,’
1152 3839 1342 3901 lignum
1387 3845 1470 3888 est

409 3920 628 3973 rectum,
663 3913 960 3976 oblongum,
981 3920 1036 3962 et
1058 3916 1238 3978 latum,
1271 3928 1372 3978 quo
1395 3912 1470 3963 fa-

410 3988 493 4039 bri
532 3995 751 4054 utuntur
787 3986 852 4035 ad
893 3987 1236 4039 rectitudines
1267 3990 1472 4051 exigen-

411 4063 528 4123 das,
561 4069 616 4111 et
636 4061 866 4125 parietes
890 4061 1224 4113 aedificiorum
1249 4064 1470 4128 dirigen-

411 4138 523 4187 dos.
545 4136 678 4187 fiunt
700 4138 855 4186 etiam
878 4151 907 4186 e
931 4136 1073 4187 ferro
1097 4140 1304 4202 regulae.
1335 4143 1351 4168 ‘
1371 4142 1473 4191 Re·

410 4215 583 4277 gulam
600 4218 612 4238 ⁹
632 4213 814 4263 Graeci
824 4211 997 4262 κανόνα
1011 4214 1293 4277 appellant.
1310 4216 1325 4242 ‘
1339 4215 1471 4265 Nor-

415 4290 523 4343 mu'
555 4297 726 4342 autem
771 4304 840 4341 ex
877 4288 1076 4343 duabus
1115 4290 1306 4356 regulis
1350 4306 1472 4343 con-

1533 579 1638 624 stat
1678 574 2033 641 inaequalibus,
2072 574 2149 625 ita
2190 574 2501 640 conjunctis,
2536 580 2597 625 ut

1533 652 1773 714 angulum
1820 658 2017 701 rectum
2060 648 2325 701 efficiantz
2380 648 2599 712 Ὺνύμονα

1535 726 1733 787 Groeci,
1773 728 1789 755 ‘
1814 726 2119 791 squadram'
2152 726 2289 778 fabri
2323 728 2485 777 nostri
2506 740 2597 777 no·

1534 802 1751 851 minant.
1804 804 1973 853 Lomb.
2064 805 2291 867 Longam
2329 804 2459 854 banc
2494 802 2597 854 dis·

1536 877 1855 940 putationem
1879 893 1981 929 vss.
1998 882 2047 931 9.
2070 878 2367 930 concludit:
2403 880 2597 929 Sensus

1538 954 1576 1001 ii
1598 958 1737 1014 suut,
1773 954 1841 1003 ad
1864 969 2079 1019 quorum
2112 953 2267 1003 fidem
2302 968 2385 1005 res
2418 968 2595 1005 omnes

1537 1028 1815 1090 exigimus;
1872 1029 2093 1094 ideoque
2139 1030 2181 1080 si
2236 1030 2321 1080 isti
2375 1028 2595 1081 fallaces

1543 1103 1668 1164 siut,
1700 1101 1765 1151 de
1792 1104 1929 1152 omni
1969 1104 2281 1155 certitudine
2300 1112 2357 1155 et
2377 1105 2597 1155 scientia

1537 1178 1640 1229 crit
1674 1186 1864 1229 actum.
1932 1180 2047 1231 Nee
2070 1182 2234 1232 miuus
2268 1195 2361 1231 nos
2396 1196 2597 1231 errare·

1536 1269 1651 1305 mus
1674 1270 1826 1321 qnam
1850 1258 2140 1319 Faberillc,
2178 1260 2266 1325 qui
2304 1258 2480 1310 fallaci
2512 1273 2595 1309 re-

1539 1332 1678 1396 gula,
1698 1348 1895 1395 norma,
1916 1340 1971 1383 et
1993 1334 2169 1384 libella
2191 1336 2371 1386 utitur.
2399 1336 2593 1386 Grecos.

1539 1407 1599 1457 Sa·
1612 1422 1762 1471 prava
1780 1414 1848 1457 est
1870 1411 2053 1473 regulo.
2084 1410 2099 1437 ‘
2118 1409 2363 1459 Pravum'
2384 1410 2594 1474 proprie

1539 1482 1817 1533 distortum
1842 1492 2007 1549 notat,
2032 1492 2089 1535 nt
2110 1487 2357 1550 exemplis
2385 1486 2595 1550 egregie

1537 1562 1768 1611 ostendit
1790 1562 1867 1611 vir
1908 1562 2326 1627 incomparabilis
2363 1563 2482 1615 Job.
2507 1562 2593 1614 Fr.

1538 1636 1829 1686 Gronovius
1850 1636 1915 1687 ad
1946 1638 2130 1688 Senec.
2152 1639 2250 1702 Ep.
2277 1642 2387 1689 1⁰2.
2420 1638 2593 1699 Preig.

1603 1715 1699 1760 518
1737 1712 1807 1761 Et
1844 1713 2025 1776 libella]
2074 1716 2090 1743 ‘
2114 1713 2343 1763 Libella⁸
2386 1721 2594 1765 constat

1540 1786 1739 1850 regulis
1768 1787 1923 1837 ditab.
1953 1787 2239 1853 equalibus
2278 1788 2355 1839 ita
2389 1789 2591 1852 ,iunctis

1539 1862 1677 1912 inter
1711 1877 1767 1912 se
1788 1863 1961 1912 alteris
1982 1862 2183 1914 duobus
2206 1863 2421 1928 capitib.
2442 1871 2499 1913 et
2514 1863 2593 1913 di-

1537 1940 1782 1988 varicatis
1812 1938 1969 1989 duob.
1984 1939 2181 2001 alteris,
2204 1946 2265 1989 ut
2279 1946 2481 1989 rectum
2503 1954 2595 1989 uu·

1539 2016 1716 2078 guium
1732 2011 2201 2064 efficiant.additur
2216 2014 2375 2063 tertia
2388 2015 2593 2077 regula,

1539 2097 1596 2139 et
1618 2088 1684 2137 ab
1708 2096 1929 2153 utroque
1950 2102 2043 2137 sno
2062 2094 2299 2137 extremo
2316 2102 2433 2137 cum
2454 2094 2594 2139 cete-

1539 2168 1609 2216 ris
1632 2167 1829 2216 duabus
1869 2181 1963 2230 per
2002 2165 2195 2215 medias
2230 2165 2443 2215 circiter
2480 2179 2594 2229 par·

1537 2244 1637 2295 teis
1658 2243 2019 2306 compingitur.
2056 2242 2249 2307 pendet
2272 2249 2527 2305 preterea
2562 2257 2594 2293 ο

1537 2318 1627 2369 filo
1662 2320 1726 2367 ab
1773 2320 1977 2380 angulo,
2012 2333 2164 2383 quem
2202 2316 2436 2368 efficiunt
2476 2318 2593 2369 dum

1537 2396 1751 2459 majores
1818 2394 2028 2457 regulae,
2082 2393 2319 2457 plumbea
2378 2395 2595 2457 parvula

1536 2486 1705 2520 massa
1745 2470 2019 2519 turbinata.
2063 2470 2345 2519 collocatur
2378 2470 2491 2533 jam
2531 2469 2591 2519 li·

1537 2547 1673 2596 bella
1691 2547 1792 2596 hoc
1812 2545 1982 2607 modo,
1996 2551 2055 2594 ut
2070 2544 2283 2594 duarum
2300 2544 2595 2609 regularum

1535 2622 1823 2685 longiorum
1869 2620 2114 2669 extremis
2157 2620 2373 2682 nitatur,
2409 2626 2466 2670 et
2486 2620 2592 2669 iuae

1537 2700 1729 2761 regula,
1770 2712 1947 2761 pronai
1979 2699 2145 2746 altera
2173 2697 2225 2745 in
2262 2697 2478 2747 alteram
2517 2697 2593 2746 in·

1539 2774 1817 2824 cumbunt:
1844 2773 1908 2822 ab
1932 2773 2115 2833 angulo
2138 2778 2309 2821 autem
2330 2772 2593 2835 plumbum

1539 2852 1775 2901 deorsum
1792 2848 2067 2899 demissum
2088 2848 2163 2897 ita
2176 2848 2317 2897 filum
2338 2847 2403 2896 ad
2426 2854 2594 2899 trans-

1540 2941 1742 2977 versam
1762 2925 1990 2988 regulam
2012 2923 2261 2987 adplicet,
2278 2930 2338 2972 ut
2354 2936 2466 2972 eam
2490 2938 2595 2972 me-

1539 3003 1677 3052 diam
1710 3007 1909 3065 tangat,
1947 3006 2003 3049 et
2040 3001 2311 3066 aqualiter
2348 3015 2379 3049 a
2403 3000 2593 3051 ceteris

1540 3079 1737 3128 duabus
1756 3078 1945 3141 regulis
1965 3077 2140 3126 distet.
2182 3075 2340 3125 [Δηώ.

1603 3156 1779 3218 Aliquo
1798 3155 1842 3201 si
1862 3170 1924 3202 ex
1952 3154 2105 3215 parti]
2137 3151 2180 3199 1.
2204 3166 2251 3199 e.
2274 3152 2317 3199 si
2338 3152 2509 3216 aliqua
2528 3166 2595 3201 ex

1542 3238 1708 3294 parte.
1741 3226 1948 3290 ‘parti,'
1997 3239 2091 3288 pro
2139 3232 2306 3287 parte,
2342 3231 2399 3274 ut
2437 3240 2597 3290 supra

1539 3301 1808 3368 ‘contagi'
1872 3315 1965 3363 pro
2021 3306 2259 3362 contage,
2323 3304 2378 3349 et
2441 3301 2594 3351 simil.

1538 3380 1706 3430 Lamb.

1604 3461 1703 3507 519
1757 3455 1915 3517 Atque
1959 3450 2168 3515 obstipa]
2216 3450 2263 3501 1.
2286 3466 2335 3503 e.
2365 3460 2599 3515 curvata,

1541 3534 1769 3599 obliqua,
1811 3529 2024 3580 inflexa.
2076 3530 2273 3578 Ennius
2312 3530 2402 3580 lib.
2437 3534 2515 3579 18.
2543 3546 2595 3593 p.

1543 3615 1658 3662 118.
1709 3612 1723 3638 ‘
1752 3607 2020 3659 Montibus
2066 3605 2305 3669 obstipis,
2346 3605 2601 3656 obstanti·

1542 3686 1658 3747 bns,
1694 3684 1831 3735 unde
1854 3683 2016 3731 oritur
2035 3680 2174 3731 nox.’
2221 3681 2298 3731 M.
2320 3681 2453 3733 Tull.
2472 3680 2603 3731 Ara·

1542 3768 1633 3811 to:
1671 3762 1687 3789 ‘
1712 3760 1991 3823 obstipum
2026 3762 2201 3821 caput,
2239 3762 2295 3806 et
2315 3759 2471 3808 tereti
2488 3773 2602 3809 cer-

1544 3840 1655 3889 vice
1679 3834 1963 3885 reflexum!
2001 3832 2133 3882 Hor.
2155 3832 2264 3882 Sat.
2298 3836 2345 3881 2.
2369 3840 2417 3883 5.
2450 3834 2467 3861 ‘
2490 3834 2599 3883 Da-

1543 3928 1639 3961 vus
1682 3911 1751 3959 sis
1788 3908 2036 3969 comicus,
2078 3913 2234 3971 atque
2269 3908 2383 3956 Stes
2425 3908 2599 3970 capite

1546 3988 1775 4050 obstipo,
1829 3986 2042 4034 multum
2081 3983 2260 4032 similis
2310 3985 2605 4035 metuenti.’

1545 4064 1762 4115 Persius
1781 4062 1893 4111 Sat.
1916 4064 1964 4109 3.
1979 4064 2061 4108 79.
2080 4058 2097 4086 ⁶
2114 4058 2487 4122 aerumnosique
2510 4062 2600 4111 So.

1544 4141 1710 4200 lones,
1734 4136 1962 4198 Obstipo
1985 4135 2179 4197 capite,
2211 4139 2268 4182 et
2288 4132 2505 4198 figentes
2523 4137 2599 4186 lu-

1545 4216 1684 4266 mine
1707 4210 1931 4263 terram!
2001 4211 2084 4260 Ne
2107 4210 2219 4275 quis
2242 4218 2415 4260 autem
2448 4212 2599 4262 dubi-

1546 4298 1627 4343 tet
1650 4290 1714 4340 de
1736 4290 1834 4339 hac
1856 4286 2135 4351 scriptura,
2149 4286 2233 4338 sic
2246 4286 2418 4351 reperi
2441 4286 2601 4350 scrip-
