3200 4959
551 443 617 491 τ.
665 433 1032 492 tunnam-11
1077 419 1261 491 bam
1313 441 1414 492 na
1457 441 1733 492 nanus«
1780 444 1956 494 um.
2004 444 2151 494 ms.
2192 446 2296 493 vr.

356 583 426 636 ad
439 601 496 634 se
507 585 770 635 convertit
785 586 1028 649 gentibus
1037 583 1166 636 ora!
1189 584 1326 637 Quid
1337 591 1421 636 est

354 663 513 712 taedia
540 663 714 723 clades,
750 662 956 711 lector?
999 661 1274 710 Neminem
1299 675 1422 710 saue

355 749 520 798 usqne
545 736 714 786 adhuc
749 735 928 788 videre
949 736 1189 799 contigit,
1211 736 1301 799 qui
1331 749 1420 784 ex-

355 813 630 876 posuerit3
668 825 838 875 neque
859 812 992 861 adeo
1022 811 1241 871 mirum;
1277 813 1422 860 locus

353 887 492 936 enim
510 893 592 936 cst
611 888 764 950 plane
781 886 1100 951 deperditus.
1166 888 1236 938 Et
1249 895 1421 936 tamen

356 961 648 1014 debuerant
682 963 992 1026 interpretes
1039 975 1268 1012 errorem
1311 961 1417 1011 ani·

353 1038 719 1088 madvertisse.
786 1039 910 1101 Sed,
943 1040 1019 1088 nti
1040 1039 1279 1089 dicebam
1311 1054 1420 1088 mo·

353 1113 442 1172 do,
469 1122 750 1177 corruptus
793 1116 936 1165 locus
977 1123 1060 1166 est
1114 1115 1182 1166 ab
1233 1115 1418 1166 eadem

351 1203 534 1248 cansa,
551 1205 668 1254 qnae
691 1205 722 1238 a
744 1203 826 1239 me
860 1193 1103 1254 superius
1129 1199 1418 1241 memorata

351 1271 471 1324 θεῖς
495 1279 686 1326 nempe
709 1272 926 1329 propter
949 1268 1414 1330 reduplicationem

350 1339 546 1389 litterae
577 1341 646 1388 M
681 1341 732 1390 h·
761 1343 1022 1402 css-‘Enim
1053 1342 1190 1394 unde
1216 1359 1312 1408 per
1333 1359 1415 1394 so·

351 1416 586 1468 cordiam
607 1419 946 1482 exscriptoris
967 1418 1166 1470 factum
1190 1427 1269 1470 est
1289 1421 1416 1470 enim

349 1492 500 1554 mdia,
525 1499 580 1540 et
604 1507 723 1542 mox
747 1493 967 1558 (quippe
987 1496 1103 1546 istis
1124 1497 1415 1559 pulmoneis

349 1567 640 1618 hominibus
675 1570 790 1618 liaec
825 1571 1042 1621 mirifica
1075 1571 1416 1637 videbantur)

347 1645 480 1696 caim
496 1646 846 1721 media-quod
869 1649 1064 1698 nulium
1087 1663 1294 1698 sensum
1325 1649 1415 1698 ha·

349 1719 444 1770 bet
465 1733 510 1781 ς·
535 1734 758 1786 namque
801 1724 1082 1788 scripserat
1125 1726 1278 1774 aliter
1315 1727 1415 1776 Lu-

347 1796 563 1859 eretius,
605 1811 754 1860 neque
781 1800 906 1848 caim
933 1801 1017 1849 die
1053 1802 1112 1851 dc
1149 1801 1298 1864 clade,
1332 1804 1414 1864 ᾄν.

345 1870 364 1897 ⁴
386 1871 492 1920 Dia
515 1873 834 1935 tempestas'
867 1874 1241 1939 (explicatione
1277 1879 1414 1927 enim

347 1947 704 2010 dignissimum
740 1953 912 2002 locum
943 1953 1156 2018 judico)
1179 1963 1262 2004 est
1284 1961 1414 2005 tem·

346 2031 524 2088 postas
543 2023 853 2089 θεός-ομπος,
875 2035 934 2078 ut
952 2029 1180 2093 loquitur
1214 2031 1414 2080 Diodo-

347 2117 455 2165 rus,
491 2117 584 2153 seu
603 2103 866 2168 θεήλατοι-ς
897 2106 1043 2171 quasi
1079 2105 1282 2156 diceret
1314 2109 1413 2156 Lu-

346 2183 564 2245 cretius,
598 2197 889 2247 qua-ramus
911 2199 1048 2234 nunc
1081 2186 1204 2249 quid
1241 2199 1412 2235 causas

345 2257 418 2308 sit
438 2259 774 2323 quamobrem
797 2261 919 2310 olim
941 2258 1260 2310 flammarum
1283 2270 1414 2311 tem-

345 2345 528 2400 pestas
574 2341 734 2384 totam
789 2333 1022 2386 Siciliam
1062 2337 1409 2400 pervastarit3

345 2413 680 2476 neque-enim
703 2411 992 2475 putandum
1014 2419 1099 2461 est
1120 2413 1266 2462 Deos
1297 2419 1412 2461 tan-

351 2494 460 2538 tam
498 2489 602 2537 vim
641 2487 868 2538 incendii
889 2487 942 2537 in
967 2487 1184 2536 insulam
1221 2487 1412 2552 impor-

345 2568 504 2612 tasse.
563 2563 775 2627 Quippe
797 2563 1009 2626 nemini,
1046 2564 1134 2627 qui
1173 2570 1408 2612 veterum

344 2639 771 2704 pbilosophorum
795 2645 968 2688 sectas
991 2643 1299 2701 perspectas
1320 2637 1407 2686 ha·

346 2715 496 2776 beat,
513 2715 745 2778 ignotum
761 2719 862 2775 est,
881 2714 1207 2763 existimasse
1226 2713 1412 2763 Lucre·

347 2791 483 2838 tium
513 2797 570 2840 et
607 2796 814 2840 ceteros
853 2789 1068 2853 Epicuri
1107 2793 1410 2850 sectatores,

345 2876 452 2921 uon
487 2865 611 2914 oriri
645 2864 836 2914 isthinc
873 2865 928 2914 ἐκ
953 2862 1213 2926 Daumius,
1244 2869 1300 2912 ct
1333 2865 1409 2912 ul-

345 2940 482 2990 trice
515 2943 748 2990 Deorum
773 2940 1120 3004 providentia,
1142 2954 1296 3003 quam
1318 2939 1412 2988 im-

345 3016 672 3080 pugnabant,
705 3017 798 3066 sed
836 3031 902 3066 ea
936 3016 1108 3064 omnia
1129 3015 1300 3064 causis
1321 3027 1411 3062 na-

347 3090 600 3139 turalibus
634 3091 749 3140 niti.
835 3089 989 3139 Unde
1043 3097 1102 3139 et
1149 3089 1237 3138 ille
1279 3090 1412 3138 alter

345 3166 662 3226 ἀννθιασῶι-ης
701 3168 790 3215 τοῦ
826 3167 972 3217 acroi?
1014 3165 1163 3230 λήρου
1205 3166 1414 3228 scripsit

348 3242 561 3304 alicubi,
579 3242 788 3290 ‘eredat
808 3241 1028 3292 Judaeus
1061 3242 1266 3304 Apella,
1289 3242 1412 3290 Non

345 3333 481 3382 eg03
529 3330 752 3383 namque
793 3319 937 3366 Deos
976 3318 1139 3366 didici
1176 3330 1414 3367 securum

345 3407 506 3456 agere
527 3407 726 3454 aevum3
753 3395 886 3455 Nec,
905 3395 950 3442 si
971 3393 1098 3457 quid
1118 3394 1235 3442 miri
1253 3392 1414 3444 faciat

347 3477 558 3532 natura,
583 3469 724 3518 Deos
763 3469 818 3518 id
857 3471 935 3518 Ea
961 3470 1068 3518 alto
1091 3469 1211 3519 coeli
1236 3471 1412 3518 tristes

348 3545 634 3594 demittere
660 3543 847 3594 tecto-²
899 3545 1032 3611 Haec
1069 3545 1230 3594 olim:
1265 3545 1412 3608 queis

347 3619 514 3669 addas
557 3619 685 3676 licet
723 3619 862 3684 apud
909 3621 1312 3684 Xenophontem
1355 3621 1410 3668 in

349 3696 528 3746 libello
544 3696 649 3759 περὶ
661 3697 749 3754 τῆς
776 3698 872 3744 τῶν
886 3695 1138 3754 Ἀθηναίων
1152 3694 1412 3758 πολιτείας,

345 3771 628 3820 illiusmodi
671 3772 998 3820 calamitates
1041 3773 1166 3834 dici,
1213 3772 1267 3820 ἐκ
1305 3769 1414 3820 Διὸς

345 3842 478 3906 εῖναι,-
502 3859 622 3910 pag.
637 3849 751 3895 699.
769 3846 897 3897 edit.
923 3845 1212 3896 Aubrianae.
1239 3846 1410 3896 Faber.

345 3919 602 3970 Gronovii
657 3921 838 3971 Codex
887 3923 1058 3972 Media
1113 3921 1309 3972 Groecia
1355 3925 1414 3972 de

350 4001 536 4044 coorta:
594 3997 878 4047 Salmasius
922 3999 1088 4048 Media
1129 4015 1159 4048 c
1191 4012 1246 4049 re
1283 3999 1414 4049 clude

343 4075 528 4133 morto,
563 4071 600 4120 i.
617 4085 666 4121 e.
705 4087 772 4121 ex
811 4073 986 4122 media
1011 4089 1184 4123 rerum
1207 4079 1412 4138 natura,

344 4159 413 4196 ex
451 4159 652 4198 summa
692 4161 906 4197 rerum:
953 4151 1044 4198 sed
1079 4150 1202 4198 olim
1236 4152 1412 4200 monui

343 4223 654 4272 salmasium
677 4223 815 4273 liaud
836 4223 1062 4275 feliciter
1075 4225 1412 4288 interpretari

347 4299 666 4350 Lucretium.
741 4300 910 4350 Faber
961 4303 1170 4352 tandem
1213 4302 1317 4350 Diu
1355 4303 1414 4350 de

2384 429 2560 496 164⁷

1496 583 1645 636 clude.
1676 588 1693 616 ⁸
1712 585 1811 636 Dia
1834 588 2150 660 tempestas'
2174 595 2256 640 est
2270 589 2559 652 mommo,

1497 675 1592 712 seu
1634 661 1879 725 θεήλατος,
1922 666 2068 729 quasi
2112 665 2313 717 diceret
2358 669 2557 718 Lucre·

1499 738 1622 798 tius,
1658 741 1961 791 Quaeramus
1976 755 2113 790 nnnc
2133 743 2257 806 quid
2281 758 2455 794 causae
2468 746 2556 809 sit,

1497 816 1835 878 quamobrem
1861 817 1981 864 olim
1994 815 2316 868 flammarum
2330 826 2557 885 tempes-

1497 895 1580 938 tas
1604 897 1765 940 totam
1783 891 2013 941 Siciliam
2032 895 2363 957 pervastarit,
2384 909 2555 960 neque

1496 965 1633 1014 enim
1658 967 1947 1028 putandum
1970 976 2051 1017 est
2072 969 2213 1018 Deos
2230 977 2427 1018 tantam
2452 972 2557 1020 vim

1495 1041 1723 1091 lucendii
1738 1042 1791 1090 in
1811 1043 2023 1092 insulam
2042 1043 2367 1106 importasse.
2392 1045 2556 1109 Egre-

1495 1117 1578 1181 gia
1597 1116 1803 1182 quidem
1828 1118 2147 1181 conjectura.
2214 1119 2403 1184 Neque
2422 1121 2555 1170 istos

1493 1207 1683 1254 moror,
1704 1195 1791 1256 qui
1828 1195 2011 1256 legunt
2052 1195 2301 1244 Mediocri.
2336 1196 2556 1246 Creecli.

1493 1267 1829 1317 Verissimum
1868 1269 2044 1333 Fabri,
2065 1270 2217 1334 cujus
2252 1272 2555 1322 corrobora·

1494 1344 1566 1392 tio
1587 1352 1764 1394 exstat
1784 1345 1839 1394 iu
1874 1345 2031 1394 Notis
2066 1345 2407 1396 Pseudonimi
2446 1349 2553 1398 Go-

1493 1420 1683 1470 ralliad
1700 1421 1905 1470 lEtnam
1924 1421 2103 1470 Severi
2126 1435 2277 1470 versu
2300 1427 2414 1473 198.
2436 1437 2555 1472 essa

1490 1496 1906 1546 emendationem
1962 1511 2027 1545 ex
2084 1498 2343 1561 scriptura
2386 1499 2555 1549 eodo.

1489 1569 1889 1634 depravatorum
1960 1573 2131 1622 evinci
2185 1586 2333 1636 posse
2389 1581 2555 1637 puto;

1491 1662 1649 1711 quum
1686 1649 1825 1696 enim
1863 1649 2002 1697 inter
2038 1649 2170 1698 alios
2210 1649 2341 1700 Mas.
2378 1647 2551 1714 Lugd.

1489 1723 1611 1773 ΒΜ.
1640 1738 1847 1788 quoque
1866 1724 2093 1774 habeant
2110 1727 2267 1775 media
2286 1722 2481 1775 Groecia
2496 1727 2557 1775 dc

1487 1789 1671 1862 comm*
1721 1801 1807 1848 vix
1860 1801 2061 1862 dubito,
2100 1801 2225 1865 quin
2262 1801 2553 1866 descriptor

1488 1876 1677 1940 aliquis
1696 1877 1799 1926 Dia
1820 1876 2109 1937 inveniens,
2132 1876 2183 1924 id
2210 1877 2391 1926 relicta
2408 1878 2552 1926 lacu-

1488 1960 1574 2013 na,
1612 1951 1698 2016 (ut
1728 1950 2016 2015 solebant,)
2042 1967 2138 2000 non
2160 1954 2477 2014 expresserit
2498 1953 2553 2002 in

1489 2027 1605 2088 ipso
1650 2041 1820 2088 versu,
1857 2028 1949 2076 sed
1991 2026 2060 2076 ad
2107 2041 2247 2076 oram
2288 2029 2554 2078 notaverit

1490 2103 1735 2153 Graecum
1774 2103 1849 2152 ibi
1897 2117 2173 2152 occurrere
2214 2103 2553 2166 vocabulnm3

1489 2181 1627 2229 unde
1652 2187 1831 2244 postea
1854 2189 1975 2230 nata
1999 2181 2067 2230 sit
2088 2181 2410 2244 ineptissima
2447 2182 2555 2232 lec·

1488 2259 1562 2308 tio
1589 2259 1785 2308 Gra-cia
1804 2261 1880 2310 dc.
1929 2259 2375 2309 Aliiinvenientes
2386 2260 2553 2324 scrip-

1488 2340 1598 2383 tum
1642 2335 1911 2397 connexis,
1962 2349 2104 2384 more
2149 2335 2335 2398 veteri,
2386 2335 2553 2388 literis

1487 2412 1712 2474 cnimdia,
1760 2418 2010 2475 putarunt
2049 2425 2144 2475 per
2189 2411 2552 2474 compendium

1486 2487 1561 2535 ita
1581 2494 1787 2538 exstare
1808 2503 1901 2552 pro
1921 2489 2045 2536 enim
2066 2488 2241 2550 media,
2275 2488 2412 2552 quod
2438 2503 2553 2551 pos·

1487 2563 1711 2613 tremum
1761 2565 1983 2613 maxime
2038 2577 2209 2616 veram
2252 2561 2556 2614 obscuravit

1484 2638 1793 2700 lectionem;
1828 2652 1981 2703 quam
2015 2639 2193 2688 divine
2216 2639 2387 2688 Faber
2408 2639 2553 2712 adim

1489 2713 1649 2762 venit.
1714 2711 1799 2761 Ad
1842 2712 2076 2776 ejusdem
2115 2725 2237 2760 vero
2280 2712 2552 2762 coufirma-

1489 2787 1684 2836 tionem
1720 2787 1880 2835 miror
1918 2801 2023 2836 non
2068 2787 2353 2836 occurrisse
2394 2789 2552 2837 alicui

1489 2863 1836 2926 interpretum
1878 2863 1963 2910 vel
2000 2862 2233 2911 Lucretii
2274 2862 2354 2910 vel
2392 2863 2552 2926 ipsius

1487 2938 1670 2987 Severi
1692 2939 1850 2987 hosce
1873 2939 1983 3001 ejus
2006 2937 2058 2986 in
2083 2937 2239 2986 AEtna
2261 2949 2551 2988 versutiss-

1487 3017 1568 3066 29.
1602 3015 1617 3041 ‘
1638 3013 1900 3076 Principio
1912 3026 1987 3060 ne
2011 3025 2163 3076 quem
2190 3013 2369 3076 capiat
2402 3011 2550 3064 fana-

1485 3091 1570 3140 cia
1608 3095 1800 3152 vatum‚
1833 3089 1997 3138 Sedes
2035 3103 2151 3137 esse
2174 3089 2296 3151 Dei,
2314 3088 2551 3140 tumidis-

1488 3179 1588 3229 que
1612 3179 1643 3214 e
1676 3165 1913 3227 faucibus
1947 3166 2121 3228 ignem
2144 3165 2367 3214 Vulcani
2396 3181 2551 3216 ruere

1487 3249 1544 3291 'et
1587 3241 1777 3290 clausis
1818 3253 2057 3288 resonare
2101 3241 2338 3289 cavernis
2384 3241 2551 3291 Festi-

1489 3316 1659 3366 nantis
1703 3329 1875 3378 opus3
1929 3327 2032 3364 nou
2070 3321 2152 3364 est
2190 3323 2294 3364 tam
2339 3317 2551 3368 sordida

1490 3393 1644 3444 Divis
1684 3391 1841 3454 Cura,
1874 3405 2044 3456 neque
2082 3399 2345 3442 extremas
2357 3395 2444 3456 jus
2468 3401 2551 3444 est

1489 3469 1771 3520 demittere
1808 3471 1862 3518 in
1907 3477 2045 3520 artes
2084 3469 2299 3530 Sidera;
2335 3471 2551 3532 seducto

1489 3549 1710 3610 regnant
1732 3546 1971 3595 sublimia
1992 3546 2125 3594 coelo
2150 3546 2267 3606 Illa,
2297 3549 2401 3594 nec
2426 3547 2551 3594 arti-

1485 3619 1641 3670 ficum
1666 3628 1852 3671 curant
1872 3628 2100 3670 tractare
2123 3619 2389 3670 laborem.’
2418 3619 2549 3670 Han.

1551 3701 1649 3747 647
1686 3697 1834 3746 Hisce
1858 3697 1949 3747 tibi
1986 3697 2038 3746 in
2076 3696 2237 3758 rebus]
2278 3696 2435 3746 Nunc
2460 3697 2549 3746 de·

1485 3785 1625 3819 mum
1650 3771 1835 3835 incipit
1870 3772 2127 3821 rationem
2148 3772 2331 3824 horum
2354 3771 2551 3835 ignium

1487 3849 1777 3910 exquirere.
1812 3847 1977 3896 Lumb.

1554 3923 1707 3972 Hisce
1725 3923 1817 3972 tibi
1836 3921 1999 3985 rebus]
2036 3922 2121 3972 Al.
2156 3921 2355 3984 melius,
2387 3923 2439 3971 in
2471 3935 2547 3971 re-

1487 3997 1586 4047 lms.
1621 3996 1752 4046 Fab.

1551 4075 1651 4122 649
1679 4074 1750 4122 Ut
1762 4073 2103 4136 reminiscaris]
2128 4077 2173 4122 1.
2196 4077 2310 4122 96⁷.
2327 4071 2551 4135 ‘Omne‚

1479 4149 1625 4213 quod
1650 4156 1748 4212 est,
1770 4149 1933 4220 igitur
1954 4149 2095 4197 nulla
2117 4149 2327 4212 regione
2350 4148 2548 4196 viarum

1483 4225 1680 4292 'Finita'
1698 4233 1800 4288 est,
1821 4239 2040 4290 namque
2067 4225 2356 4275 extremum
2387 4224 2546 4273 debe-

1488 4303 1581 4351 bat
1602 4301 1835 4365 liabere‚’
1868 4304 1967 4350 «stc.
2006 4310 2061 4350 et
2096 4305 2145 4348 2.
2184 4303 2265 4350 89.
2306 4301 2321 4328 ⁴
2342 4300 2412 4348 Et
2445 4312 2549 4362 quo
