3200 4959
615 410 793 481 1658

617 576 786 621 trema
828 576 1003 623 alitem
1038 572 1171 623 ratio
1208 579 1312 637 est,
1342 575 1676 639 quamobrem

615 648 769 698 Nilus
814 654 1001 699 aestate
1040 656 1281 699 crescat:
1326 664 1515 713 nempe
1556 651 1679 713 quia

614 728 727 773 tum
757 723 903 773 nives
936 725 988 772 in
1020 724 1295 789 AEtbiopiae
1330 725 1593 775 montibus
1615 726 1678 775 li·

614 806 889 863 quaeant,
930 803 989 848 et
1030 799 1329 865 liquefacta
1370 800 1549 849 Nilum
1585 815 1676 851 au·

614 880 790 937 geant.
834 872 1002 923 Βοιώ.
1067 874 1152 923 lta
1194 882 1339 924 reete
1377 876 1674 934 Lambinus,

613 964 682 1005 ex
708 950 971 1000 veteribus
996 950 1157 1001 libris.
1226 952 1380 1015 Vulg.
1414 954 1640 1003 Forsitan
1655 968 1675 1011 ,-

612 1027 771 1077 etiam
789 1041 891 1077 non
914 1028 1068 1077 male.
1102 1026 1276 1088 (ἕνα.
1340 1027 1386 1077 1.
1410 1027 1576 1087 e.sors
1590 1029 1678 1085 sit,

607 1098 851 1151 fortasse.
887 1102 1058 1151 Faber.

676 1178 755 1227 De
776 1176 1016 1226 montibus
1034 1176 1335 1239 AEthiopnm]
1365 1178 1506 1227 Vera
1522 1178 1676 1239 ratio,

611 1253 751 1319 quod
775 1259 901 1302 tune
922 1253 991 1301 ibi
1011 1253 1173 1302 hiems
1196 1260 1312 1314 est3
1344 1268 1461 1318 quoe
1484 1255 1554 1319 in·
1570 1254 1683 1303 illis·

608 1327 907 1393 regionibus
943 1334 1053 1378 tots
1074 1328 1127 1377 in
1162 1330 1364 1392 pluvias
1392 1336 1672 1393 perpetuas

610 1404 739 1455 abit.
806 1403 943 1453 Vide
980 1405 1330 1455 recentiorum
1372 1406 1674 1456 relationes.

612 1479 789 1529 Faber.

672 1558 775 1605 736
809 1554 1027 1618 Crescat]
1072 1554 1161 1605 Sic
1200 1555 1333 1604 liber
1364 1556 1672 1618 Vaticanus,

608 1634 665 1680 et
686 1630 827 1691 vulg.
860 1629 1179 1679 Florentini:
1212 1637 1371 1693 atque
1404 1632 1479 1680 ita
1496 1633 1672 1695 legen·

608 1704 751 1765 dum,
774 1718 895 1766 nou,
912 1712 971 1753 ut
992 1704 1167 1766 vulgo,
1186 1705 1397 1755 Crescit.-
1430 1712 1513 1755 est
1534 1707 1671 1756 enim·

606 1780 721 1829 baec
742 1778 1033 1829 sententia:
1069 1780 1308 1829 Forsitan
1332 1781 1488 1829 etiam
1519 1782 1675 1831 Nilus⁴

607 1868 847 1905 erescere
878 1854 1045 1917 possit
1080 1855 1146 1904 de
1180 1855 1441 1905 montibus
1476 1856 1670 1905 AEthio-

605 1948 749 1999 pum.
816 1936 943 1985 Fuit
958 1942 1129 1984 autem
1161 1934 1275 1983 haec
1292 1934 1469 1997 opinio
1493 1934 1670 1983 Anax·

607 2024 801 2075 agore,
822 2017 877 2060 et
901 2009 1187 2074 Euripidis,
1220 2024 1370 2074 quem
1409 2010 1545 2059 illius
1564 2009 1670 2060 dis-

604 2088 837 2152 cipulum
861 2086 1021 2137 fuisse
1038 2086 1242 2136 ferunt:
1276 2100 1429 2150 quam
1450 2086 1550 2135 hoc
1567 2100 1670 2137 uno

605 2168 913 2227 argumento
934 2162 1131 2212 refellit
1162 2161 1427 2212 Diodorus
1448 2162 1670 2226 Siculus,

602 2240 740 2305 quod
762 2239 875 2289 fleri
894 2254 997 2289 non
1019 2247 1197 2305 potest
1238 2246 1457 2303 propter
1489 2239 1665 2288 immo-

604 2315 812 2365 deratos
834 2314 1049 2376 calores,
1070 2322 1131 2363 ut
1152 2314 1201 2363 in
1241 2314 1501 2377 AEthiopia
1522 2315 1668 2363 nives

602 2391 850 2439 existant.
883 2388 1051 2439 hab.
1100 2390 1161 2437 In
1185 2390 1298 2438 aliis
1319 2389 1483 2452 libris,
1507 2390 1664 2439 etiam

601 2471 710 2515 vet.
736 2465 939 2514 Crescit.
968 2463 1146 2514 Gifan.

667 2542 967 2591 Descendere
999 2537 1243 2599 ningueis]
1272 2538 1289 2565 ‘
1309 2538 1549 2600 Ninguis,
1583 2537 1679 2602 is,’·

599 2616 887 2680 antiquum,
930 2630 1027 2680 pro
1070 2616 1181 2675 nix,
1218 2614 1361 2665 nivis.
1392 2616 1668 2665 descendere

599 2698 776 2742 autem
810 2692 1087 2757 legendum
1122 2704 1257 2753 esse,
1289 2704 1391 2739 non
1428 2693 1665 2754 decedere,

598 2778 683 2817 res
707 2768 823 2832 ipsa
842 2768 1089 2833 loquitur.
1127 2766 1296 2817 Lamo.
1364 2768 1573 2817 Servius
1592 2768 1666 2827 es-

586 2844 795 2905 famdere
819 2844 947 2906 legit
982 2842 1047 2892 ad
1084 2843 1233 2905 Virg.
1266 2846 1315 2891 4.
1350 2846 1467 2893 25⁰.
1521 2844 1664 2895 ‘Nix

597 2919 734 2969 nivis
757 2914 921 2978 facit3
956 2916 1051 2966 sed
1086 2916 1152 2966 ab
1174 2932 1256 2979 eo,
1285 2917 1419 2981 quod
1447 2924 1529 2967 est
1550 2918 1664 2968 haec

596 2994 823 3059 ninguis,
864 2999 922 3041 et
975 2993 1055 3042 bae
1108 2992 1346 3056 ningues,
1389 2993 1664 3043 Lucretius

595 3071 780 3121 ‘albas
812 3067 1082 3119 effundere
1106 3068 1362 3131 ningues!
1442 3070 1664 3135 Ninguit

594 3152 771 3197 sutem
794 3145 959 3208 prima
980 3158 1201 3207 persona
1232 3151 1380 3195 caret
1402 3152 1455 3195 et
1478 3160 1664 3196 secun·

596 3220 664 3269 da
684 3236 699 3280 ς
732 3220 857 3285 quia
880 3234 981 3269 non
1006 3226 1089 3269 est
1126 3220 1178 3267 in
1201 3228 1381 3270 nostro
1404 3222 1661 3273 arbitrio?

598 3294 735 3346 Haec
788 3296 1018 3346 Servius.
1089 3295 1220 3348 Quae
1260 3297 1418 3346 lectio
1455 3298 1499 3346 si
1538 3312 1662 3347 vera

594 3379 690 3435 est,
711 3371 973 3436 eff'aadere,
994 3377 1054 3421 ut
1075 3372 1225 3436 plura
1247 3373 1375 3422 talia
1396 3372 1535 3435 apud
1557 3374 1662 3422 Lu·

593 3450 833 3510 cretium,
871 3450 1097 3513 positum
1148 3456 1233 3499 est
1274 3462 1369 3511 pro
1417 3448 1660 3513 effundere

592 3538 691 3577 sese
732 3526 815 3573 vel
856 3524 1070 3587 efficacis}
1122 3524 1213 3573 sed
1249 3526 1666 3589 vulgatalectio

592 3599 721 3649 satis
761 3599 1026 3649 commoda
1067 3606 1166 3649 est.
1230 3598 1312 3648 De
1336 3601 1659 3664 praecedenti

594 3681 771 3724 autem
795 3688 946 3722 versu
970 3680 1025 3723 et
1064 3674 1357 3736 AEthiopum
1393 3677 1658 3727 montibus

592 3749 705 3813 egit
748 3749 905 3798 etiam
951 3746 1021 3797 G.
1044 3749 1302 3798 Canterus
1340 3753 1392 3799 4.
1428 3752 1477 3799 8.
1518 3753 1655 3802 Nov.

588 3825 897 3875 Lectionum
919 3838 1145 3873 suarum.
1179 3823 1314 3877 Hae.

654 3904 752 3950 ⁷8⁷
774 3898 1018 3963 Tabificis]
1042 3896 1541 3963 Liquefacientibus,
1560 3915 1655 3951 seu

590 3975 694 4025 vim
733 3974 1099 4040 liquefaciendi
1142 3974 1469 4026 habentibus.
1551 3976 1659 4025 Ta-

590 4052 805 4101 bescere
826 4052 963 4101 enim
998 4052 1139 4099 valet
1159 4048 1406 4114 τήκεσθαι,
1445 4052 1495 4102 b.
1520 4066 1568 4102 e.
1592 4053 1664 4102 li·-

591 4137 862 4189 quescere,
882 4133 942 4176 nt
962 4140 1080 4191 sup.
1103 4130 1153 4176 2.
1178 4132 1325 4177 1170.
1385 4130 1402 4157 ⁴
1430 4130 1547 4179 Nec
1579 4137 1664 4180 te-

590 4209 703 4265 net,
736 4201 911 4251 omnia
951 4204 1217 4265 paullatim
1258 4204 1551 4269 tabescere,
1594 4210 1654 4259 et

588 4278 667 4331 ire
689 4276 773 4331 Ad
794 4278 1104 4343 scopulum‚’
1126 4281 1223 4331 dcc.
1256 4279 1421 4331 lamb.

1310 426 1527 482 1⁴01·AE
1578 426 1990 483 vammum·
2021 428 2102 481 ln

1817 571 2036 640 Subigit]
2067 572 2240 638 Cogit,
2256 580 2316 625 ut
2335 572 2481 639 virg.
2500 574 2612 625 AEn.
2631 579 2680 625 6.
2699 574 2814 626 567.

1750 650 1769 679 ⁸
1790 651 2149 715 Castigatque,
2185 651 2431 715 auditque
2461 650 2626 712 dolos,
2671 652 2810 700 subi-

1752 724 1931 788 gitque
1985 724 2184 774 fateri!
2255 733 2312 775 et
2365 725 2530 775 Lucil.
2584 725 2673 774 lib.
2725 730 2809 775 ⁸⁰.

1749 800 1934 849 ⁸·'1'une
1949 801 2080 863 jugo
2094 800 2286 863 jungas
2306 816 2388 850 me
2404 807 2598 862 autem,
2621 808 2677 850 et
2695 816 2810 852 suc-

1749 876 1939 925 cedere
1961 884 2136 925 aratro
2173 874 2416 939 Invitum,
2453 884 2509 925 et
2531 876 2710 937 glebas
2729 890 2812 925 su-

1750 952 1894 1014 bigas
1919 950 2254 1015 proscindere
2277 949 2420 1000 ferro
2431 951 2469 999 Ρ
2499 951 2666 1000 Lamo.

1813 1029 1910 1075 788
1949 1027 2086 1075 Nunc
2127 1040 2238 1089 age,
2277 1024 2474 1087 aum]
2543 1027 2699 1075 Nunc
2743 1026 2810 1076 de

1749 1101 1956 1151 avernis
1977 1099 2234 1150 disserere
2253 1100 2456 1161 incipit.
2471 1099 2612 1149 dicta
2635 1106 2805 1149 autem
2851 1151 2861 1161 ,

1748 1180 1870 1222 sunt
1907 1172 2170 1236 ‘averna,'
2209 1172 2658 1238 quasiliopva,i.e.
2696 1174 2808 1224 siue

1747 1250 2084 1313 avibus,qnia
2115 1250 2199 1312 (ut
2231 1249 2344 1311 ipse
2376 1249 2592 1299 Lucret.
2629 1249 2806 1299 statim

1747 1325 1917 1390 dicet)
1939 1331 2059 1376 sunt
2079 1326 2260 1377 avibus
2289 1327 2552 1375 contraria
2587 1326 2804 1393 cunctis.

1748 1400 1815 1450 de
1865 1401 2072 1451 Averna
2110 1402 2300 1464 palude
2349 1401 2630 1465 interjecta
2667 1401 2806 1453 inter

1747 1476 2006 1527 Misenum
2027 1484 2085 1526 et
2101 1477 2501 1538 Dicaearchum,
2520 1477 2559 1526 i.
2579 1490 2628 1526 e.
2644 1478 2811 1528 Pute-

1746 1553 1881 1614 olos,
1905 1553 2022 1615 lege
2047 1553 2202 1603 Diod.
2229 1554 2332 1603 Sic.
2367 1554 2456 1603 lib.
2475 1557 2527 1604 4.
2551 1555 2690 1606 Nam
2709 1556 2811 1605 hoc·

1744 1626 1859 1679 loco
1883 1627 2153 1678 Lucretius
2195 1627 2261 1677 de
2295 1640 2487 1689 genere
2525 1628 2641 1691 ipso
2665 1640 2808 1677 aver·

1746 1718 1948 1765 norum,
1969 1720 2070 1755 non
2093 1706 2158 1755 de
2194 1720 2296 1759 uun
2331 1720 2530 1758 averno.
2559 1706 2806 1770 loquitur.

1745 1778 1911 1831 Arist.
1928 1780 2046 1829 libr.
2066 1780 2170 1845 περὶ
2185 1785 2385 1841 flavum.
2419 1782 2619 1842 ἄκουσμ.
2645 1796 2811 1845 quan·

1745 1854 1866 1905 dam
1885 1870 2127 1906 avernum
2151 1858 2393 1920 paludem
2429 1858 2682 1909 describit
2701 1872 2808 1907 nou

1745 1931 1896 1993 longe
1932 1933 1998 1981 ab
2030 1934 2210 1983 insulis
2236 1932 2607 1996 Electridibus,
2626 1931 2812 1983 fluvio-

1745 2021 1846 2071 que
1890 2008 2118 2059 Eridano
2140 2025 2154 2057 :
2199 2010 2348 2073 cujus
2399 2008 2608 2074 paludis
2651 2023 2810 2072 aquoe

1745 2084 1852 2133 sint
1875 2085 2093 2135 calidae:
2127 2085 2254 2135 odor
2285 2086 2352 2135 ab
2374 2100 2438 2135 ea
2459 2085 2818 2149 exhalet'gra-

1745 2159 1820 2211 vis
1861 2168 2145 2213 «πλωτοῖς
2199 2176 2268 2211 ex
2299 2176 2362 2211 ea
2399 2163 2593 2212 nullum
2617 2162 2811 2213 animal

1741 2234 1913 2288 bibat:
1966 2251 2124 2300 supra
2165 2252 2285 2287 eam
2319 2238 2463 2287 nulla
2494 2237 2603 2287 auis
2630 2238 2804 2287 valeta

1741 2312 1879 2374 quod
1903 2312 1952 2363 si
1983 2312 2124 2363 forte
2145 2313 2326 2362 volare
2347 2320 2540 2363 conata
2561 2313 2649 2375 sit,
2683 2327 2806 2365 σου·

1741 2387 1888 2437 tinuo
1923 2389 1976 2459 in
2021 2403 2136 2442 enm
2179 2388 2412 2453 decidat,
2463 2397 2519 2439 et
2553 2390 2812 2441 intereat.·.

1740 2462 1890 2521 Idem
1914 2465 2066 2515 aliam
2090 2480 2192 2515 uon
2216 2466 2394 2515 multis
2424 2472 2544 2528 post
2564 2465 2802 2515 versibus

1741 2554 1984 2590 aver-‚uam
2032 2541 2291 2604 paludem,
2339 2542 2518 2591 Cumae
2561 2542 2802 2603 vicinam,

1741 2626 2104 2668 commemorat
2128 2619 2205 2667 bis
2221 2618 2393 2667 verbis
2411 2634 2425 2667 ε
2471 2618 2582 2682 Περὶ
2599 2618 2692 2677 τὴν
2709 2616 2804 2667 Rui-

1737 2691 2296 2756 pur,ae·hvnpi’1raaiw,
2308 2693 2452 2754 λίμνη
2471 2692 2606 2744 ἐστὶν
2617 2694 2804 2759 ἡπμοσ-

1739 2768 2048 2832 αγορευομένη
2076 2768 2255 2833 ἄορνος,
2293 2771 2329 2819 i.
2351 2785 2402 2819 e.
2441 2773 2456 2799 ‘
2481 2770 2564 2819 Ad
2591 2771 2802 2832 Cumas,

1737 2844 1908 2894 Italiae
1934 2844 2134 2905 urbem,
2172 2844 2320 2908 palus
2342 2850 2445 2908 est,
2469 2858 2584 2908 quae
2605 2859 2806 2895 averna

1736 2917 2070 2982 appellatur,'
2105 2922 2206 2969 ὅτε.
2255 2918 2419 2969 amb.
2495 2918 2810 2971 Beneficium.

1735 2996 1902 3047 Deum
1920 3011 2020 3045 non
2040 2996 2293 3059 agnoscit,
2309 2998 2496 3047 iratum
2515 3004 2680 3061 negat
2703 2998 2802 3047 Lu·

1735 3073 1952 3132 cretius,
1987 3080 2044 3122 et
2081 3080 2140 3122 ut
2175 3073 2291 3123 coeli
2324 3072 2559 3136 aerisque
2597 3072 2808 3135 pbaeno·

1734 3160 1886 3197 mena
1903 3147 2022 3197 Diis
2039 3148 2269 3211 Superis,
2283 3148 2360 3197 ita
2380 3148 2535 3197 noxia
2558 3146 2806 3221 quaedanr

1735 3227 1794 3269 et
1821 3220 1874 3268 in
1910 3222 2066 3271 terris
2088 3220 2387 3271 admiranda
2412 3222 2528 3270 Diis
2551 3218 2801 3273 Manibus

1735 3297 1908 3361 eripit.
1977 3298 2113 3347 Nam
2135 3296 2370 3361 quaedam
2387 3302 2508 3347 sunt
2529 3298 2661 3359 loca,
2681 3312 2807 3361 que

1732 3386 1838 3423 τοι.
1858 3377 1908 3423 9.
1955 3371 2166 3423 Averna
2196 3372 2433 3433 dicimus,
2459 3386 2578 3437 quae
2611 3373 2799 3423 avibus

1733 3449 2204 3512 supervolantibus‚
2223 3449 2438 3514 aliisque
2473 3448 2800 3511 animalibus,

1732 3539 1848 3590 quoe
1869 3523 2008 3573 forte
2032 3525 2150 3573 illac
2184 3524 2502 3585 transierint,
2533 3530 2656 3573 sunt
2676 3537 2801 3587 per·-

1731 3601 1948 3651 niciosa.
2001 3601 2142 3650 Talis
2167 3607 2248 3649 est
2261 3600 2405 3649 locus
2423 3597 2560 3661 apud
2585 3600 2798 3663 Cumas,-

1730 3690 1834 3727 vss.
1852 3681 1902 3727 2.
1967 3676 2030 3725 In
2051 3676 2168 3739 ipsa
2198 3675 2519 3725 Athenarum
2543 3688 2668 3724 arce
2691 3688 2796 3725 νει.

1729 3757 1780 3803 7.
1805 3754 1856 3802 in
1878 3752 2028 3817 Syria
2049 3767 2148 3801 vss.
2181 3754 2232 3801 4.
2253 3752 2308 3801 in
2330 3750 2514 3815 quibus
2535 3750 2665 3800 loeis
2689 3751 2798 3800 atri

1728 3828 1870 3878 Ditis
1883 3828 2097 3891 januam
2121 3832 2308 3891 patere
2332 3824 2559 3874 credidit
2591 3825 2801 3887 vulgus,

1727 3901 1906 3967 ibique
1931 3903 2123 3951 animas
2145 3908 2460 3951 mortuorum
2482 3900 2547 3949 ad
2579 3899 2793 3951 Inferos

1727 3984 1783 4028 et
1803 3993 1964 4042 regna
1975 3978 2318 4028 subterranea
2330 3976 2791 4039 descendere,vss.

1727 4059 1778 4105 9.
1843 4055 1921 4103 Ut
1942 4068 2070 4102 vero
2104 4054 2206 4105 vim
2243 4060 2588 4117 naturamque
2619 4053 2806 4103 Aver-

1727 4144 1910 4179 norum
1949 4128 2246 4179 distinctius
2275 4129 2529 4191 explicet,
2563 4141 2671 4178 νει.
2705 4133 2796 4181 49.

1726 4210 1906 4255 monet
1956 4211 2145 4253 terram
2199 4204 2470 4253 continere
2507 4204 2696 4265 multa,
2730 4212 2796 4255 ut

1725 4280 1972 4345 salubria,
2004 4280 2082 4331 ita
2113 4279 2272 4331 noxia
2305 4278 2615 4347 hominibus,
2638 4279 2792 4335 aliis-
