<?xml version="1.0" encoding="UTF-8"?>
<!DOCTYPE html PUBLIC "-//W3C//DTD XHTML 1.0 Transitional//EN"
    "http://www.w3.org/TR/xhtml1/DTD/xhtml1-transitional.dtd">
<html xmlns="http://www.w3.org/1999/xhtml" xml:lang="en" lang="en">
 <head>
  <title>
</title>
<meta http-equiv="Content-Type" content="text/html;charset=utf-8" />
  <meta name='ocr-system' content='tesseract 3.04.00' />
  <meta name='ocr-capabilities' content='ocr_page ocr_carea ocr_par ocr_line ocrx_word'/>
</head>
<body>
  <div class='ocr_page' id='page_1' title='image "./dererumnaturali00unkngoog_0046.png"; bbox 0 0 3200 4959; ppageno 0'>
   <div class='ocr_carea' id='block_1_1' title="bbox 1317 248 1354 287">
    <p class='ocr_par' dir='ltr' id='par_1_1' title="bbox 1317 248 1354 287">
     <span class='ocr_line' id='line_1_1' title="bbox 1317 248 1354 287; baseline 0 0"><span class='ocrx_word' id='word_1_1' title='bbox 1317 248 1354 287; x_wconf 62' lang='grc' dir='ltr'>ἱ</span> 
     </span>
    </p>
   </div>
   <div class='ocr_carea' id='block_1_2' title="bbox 645 437 820 505">
    <p class='ocr_par' dir='ltr' id='par_1_2' title="bbox 645 437 820 505">
     <span class='ocr_line' id='line_1_2' title="bbox 645 437 820 505; baseline 0.023 -3"><span class='ocrx_word' id='word_1_2' title='bbox 645 437 820 505; x_wconf 82' lang='grc'><strong>1396</strong></span> 
     </span>
    </p>
   </div>
   <div class='ocr_carea' id='block_1_3' title="bbox 643 592 1705 659">
    <p class='ocr_par' dir='ltr' id='par_1_3' title="bbox 643 592 1705 659">
     <span class='ocr_line' id='line_1_3' title="bbox 643 592 1705 659; baseline -0.002 -16"><span class='ocrx_word' id='word_1_3' title='bbox 643 610 730 645; x_wconf 89' lang='lat' dir='ltr'>mo</span> <span class='ocrx_word' id='word_1_4' title='bbox 771 593 892 659; x_wconf 85' lang='lat' dir='ltr'>quid</span> <span class='ocrx_word' id='word_1_5' title='bbox 937 592 988 643; x_wconf 89' lang='lat' dir='ltr'>in</span> <span class='ocrx_word' id='word_1_6' title='bbox 1019 596 1118 644; x_wconf 85' lang='lat' dir='ltr'>hac</span> <span class='ocrx_word' id='word_1_7' title='bbox 1156 592 1395 643; x_wconf 83' lang='lat' dir='ltr'>mirabile</span> <span class='ocrx_word' id='word_1_8' title='bbox 1433 598 1705 655; x_wconf 75' lang='lat' dir='ltr'>tantopere</span> 
     </span>
    </p>
   </div>
   <div class='ocr_carea' id='block_1_4' title="bbox 1345 446 2144 499">
    <p class='ocr_par' dir='ltr' id='par_1_4' title="bbox 1345 446 2144 499">
     <span class='ocr_line' id='line_1_4' title="bbox 1345 446 2144 499; baseline -0.004 -1"><span class='ocrx_word' id='word_1_9' title='bbox 1345 450 1560 499; x_wconf 74' lang='lat' dir='ltr'>No‘rAE</span> <span class='ocrx_word' id='word_1_10' title='bbox 1612 448 2014 497; x_wconf 75' lang='lat' dir='ltr'>VAltloRuM</span> <span class='ocrx_word' id='word_1_11' title='bbox 2067 446 2144 495; x_wconf 78' lang='lat' dir='ltr'>IN</span> 
     </span>
    </p>
   </div>
   <div class='ocr_carea' id='block_1_5' title="bbox 1784 586 2843 655">
    <p class='ocr_par' dir='ltr' id='par_1_5' title="bbox 1784 586 2843 655">
     <span class='ocr_line' id='line_1_5' title="bbox 1784 586 2843 655; baseline -0.001 -15"><span class='ocrx_word' id='word_1_12' title='bbox 1784 588 2043 655; x_wconf 77' lang='lat' dir='ltr'>significat</span> <span class='ocrx_word' id='word_1_13' title='bbox 2086 588 2415 640; x_wconf 83' lang='lat' dir='ltr'>tractationis</span> <span class='ocrx_word' id='word_1_14' title='bbox 2464 586 2843 653; x_wconf 82' lang='lat' dir='ltr'>difficultatem,</span> 
     </span>
    </p>
   </div>
   <div class='ocr_carea' id='block_1_6' title="bbox 645 665 2844 728">
    <p class='ocr_par' dir='ltr' id='par_1_6' title="bbox 645 665 2844 728">
     <span class='ocr_line' id='line_1_6' title="bbox 645 665 2844 728; baseline -0.002 -9"><span class='ocrx_word' id='word_1_15' title='bbox 645 678 729 719; x_wconf 78' lang='lat' dir='ltr'>est</span> <span class='ocrx_word' id='word_1_16' title='bbox 752 684 806 719; x_wconf 88' lang='lat' dir='ltr'>re</span> <span class='ocrx_word' id='word_1_17' title='bbox 822 669 858 717; x_wconf 89' lang='lat'>?’</span> <span class='ocrx_word' id='word_1_18' title='bbox 924 669 1095 719; x_wconf 86' lang='lat' dir='ltr'>‘Illud</span> <span class='ocrx_word' id='word_1_19' title='bbox 1133 669 1258 719; x_wconf 84' lang='lat' dir='ltr'>item</span> <span class='ocrx_word' id='word_1_20' title='bbox 1289 682 1392 717; x_wconf 89' lang='lat' dir='ltr'>non</span> <span class='ocrx_word' id='word_1_21' title='bbox 1415 674 1497 717; x_wconf 78' lang='lat' dir='ltr'>est</span> <span class='ocrx_word' id='word_1_22' title='bbox 1517 667 1708 715; x_wconf 88' lang='lat' dir='ltr'>miran·</span> <span class='ocrx_word' id='word_1_23' title='bbox 1780 665 1839 713; x_wconf 75' lang='grc' dir='ltr'>τὸ</span> <span class='ocrx_word' id='word_1_24' title='bbox 1878 667 2177 727; x_wconf 76' lang='grc' dir='ltr'>φιλοσοφεῖν,</span> <span class='ocrx_word' id='word_1_25' title='bbox 2210 665 2683 728; x_wconf 75' lang='lat' dir='ltr'><strong>argumentationes</strong></span> <span class='ocrx_word' id='word_1_26' title='bbox 2716 679 2844 728; x_wconf 83' lang='lat' dir='ltr'>ope-</span> 
     </span>
    </p>
   </div>
   <div class='ocr_carea' id='block_1_7' title="bbox 645 743 1715 1563">
    <p class='ocr_par' dir='ltr' id='par_1_7' title="bbox 645 743 1715 1563">
     <span class='ocr_line' id='line_1_7' title="bbox 645 743 1707 809; baseline -0.004 -14"><span class='ocrx_word' id='word_1_27' title='bbox 645 747 787 809; x_wconf 87' lang='lat' dir='ltr'>dum,</span> <span class='ocrx_word' id='word_1_28' title='bbox 826 761 928 809; x_wconf 87' lang='lat' dir='ltr'>qua</span> <span class='ocrx_word' id='word_1_29' title='bbox 971 744 1210 807; x_wconf 83' lang='lat' dir='ltr'>ratione,&#39;</span> <span class='ocrx_word' id='word_1_30' title='bbox 1253 747 1355 793; x_wconf 74' lang='grc' dir='ltr'>διο.</span> <span class='ocrx_word' id='word_1_31' title='bbox 1419 745 1435 771; x_wconf 91' lang='grc'><strong><em>6</em></strong></span> <span class='ocrx_word' id='word_1_32' title='bbox 1457 744 1599 804; x_wconf 89' lang='lat' dir='ltr'>Non,</span> <span class='ocrx_word' id='word_1_33' title='bbox 1632 743 1707 791; x_wconf 79' lang='lat' dir='ltr'>in·-</span> 
     </span>
     <span class='ocr_line' id='line_1_8' title="bbox 645 819 1707 885; baseline -0.003 -15"><span class='ocrx_word' id='word_1_34' title='bbox 645 837 819 885; x_wconf 86' lang='lat' dir='ltr'>quam,</span> <span class='ocrx_word' id='word_1_35' title='bbox 839 822 1060 885; x_wconf 79' lang='lat' dir='ltr'>simplex</span> <span class='ocrx_word' id='word_1_36' title='bbox 1083 821 1160 869; x_wconf 78' lang='lat' dir='ltr'>bis</span> <span class='ocrx_word' id='word_1_37' title='bbox 1179 821 1332 870; x_wconf 78' lang='lat' dir='ltr'>rebus</span> <span class='ocrx_word' id='word_1_38' title='bbox 1352 819 1560 868; x_wconf 87' lang='lat' dir='ltr'>reddita</span> <span class='ocrx_word' id='word_1_39' title='bbox 1585 833 1707 869; x_wconf 81' lang='lat' dir='ltr'>cau·</span> 
     </span>
     <span class='ocr_line' id='line_1_9' title="bbox 647 895 1709 947; baseline -0.003 -2"><span class='ocrx_word' id='word_1_40' title='bbox 647 911 706 945; x_wconf 73' lang='lat' dir='ltr'>aa</span> <span class='ocrx_word' id='word_1_41' title='bbox 725 896 843 947; x_wconf 83' lang='lat' dir='ltr'>est.&#39;</span> <span class='ocrx_word' id='word_1_42' title='bbox 907 900 922 925; x_wconf 76' lang='lat'>⁶</span> <span class='ocrx_word' id='word_1_43' title='bbox 945 897 993 947; x_wconf 92' lang='lat' dir='ltr'>N</span> <span class='ocrx_word' id='word_1_44' title='bbox 1001 912 1098 946; x_wconf 89' lang='lat' dir='ltr'>unc</span> <span class='ocrx_word' id='word_1_45' title='bbox 1130 895 1286 945; x_wconf 80' lang='lat' dir='ltr'>facile</span> <span class='ocrx_word' id='word_1_46' title='bbox 1320 910 1384 943; x_wconf 85' lang='lat' dir='ltr'>ex</span> <span class='ocrx_word' id='word_1_47' title='bbox 1417 896 1495 944; x_wconf 84' lang='lat' dir='ltr'>bis</span> <span class='ocrx_word' id='word_1_48' title='bbox 1523 902 1607 943; x_wconf 91' lang='lat' dir='ltr'>est</span> <span class='ocrx_word' id='word_1_49' title='bbox 1630 909 1709 943; x_wconf 89' lang='lat' dir='ltr'>re·</span> 
     </span>
     <span class='ocr_line' id='line_1_10' title="bbox 647 971 1709 1033; baseline -0.002 -12"><span class='ocrx_word' id='word_1_50' title='bbox 647 972 744 1021; x_wconf 84' lang='lat' dir='ltr'>bns</span> <span class='ocrx_word' id='word_1_51' title='bbox 768 971 1118 1033; x_wconf 78' lang='lat' dir='ltr'>cognoscere,&#39;</span> <span class='ocrx_word' id='word_1_52' title='bbox 1143 975 1240 1021; x_wconf 71' lang='grc' dir='ltr'>διο.</span> <span class='ocrx_word' id='word_1_53' title='bbox 1307 973 1325 999; x_wconf 83' lang='grc'><strong><em>6</em></strong></span> <span class='ocrx_word' id='word_1_54' title='bbox 1347 972 1523 1023; x_wconf 81' lang='lat' dir='ltr'><strong>Quare</strong></span> <span class='ocrx_word' id='word_1_55' title='bbox 1552 971 1709 1019; x_wconf 83' lang='lat' dir='ltr'>etiam</span> 
     </span>
     <span class='ocr_line' id='line_1_11' title="bbox 645 1044 1710 1110; baseline 0 -13"><span class='ocrx_word' id='word_1_56' title='bbox 645 1053 803 1110; x_wconf 81' lang='lat' dir='ltr'>atque</span> <span class='ocrx_word' id='word_1_57' title='bbox 820 1047 978 1095; x_wconf 87' lang='lat' dir='ltr'>etiam</span> <span class='ocrx_word' id='word_1_58' title='bbox 997 1048 1203 1097; x_wconf 84' lang='lat' dir='ltr'>minime</span> <span class='ocrx_word' id='word_1_59' title='bbox 1223 1046 1460 1095; x_wconf 86' lang='lat' dir='ltr'>mirarier</span> <span class='ocrx_word' id='word_1_60' title='bbox 1480 1053 1563 1095; x_wconf 87' lang='lat' dir='ltr'>est</span> <span class='ocrx_word' id='word_1_61' title='bbox 1584 1044 1710 1108; x_wconf 85' lang='lat' dir='ltr'>par.&#39;</span> 
     </span>
     <span class='ocr_line' id='line_1_12' title="bbox 649 1122 1711 1186; baseline -0.004 -11"><span class='ocrx_word' id='word_1_62' title='bbox 649 1125 665 1153; x_wconf 92' lang='grc'><strong><em>6</em></strong></span> <span class='ocrx_word' id='word_1_63' title='bbox 683 1123 836 1175; x_wconf 82' lang='lat' dir='ltr'>Quod</span> <span class='ocrx_word' id='word_1_64' title='bbox 871 1131 1131 1186; x_wconf 78' lang='lat' dir='ltr'>superest,</span> <span class='ocrx_word' id='word_1_65' title='bbox 1165 1124 1292 1173; x_wconf 88' lang='lat' dir='ltr'>nihil</span> <span class='ocrx_word' id='word_1_66' title='bbox 1327 1129 1407 1172; x_wconf 78' lang='lat' dir='ltr'>est</span> <span class='ocrx_word' id='word_1_67' title='bbox 1433 1124 1618 1171; x_wconf 88' lang='lat' dir='ltr'>mirum</span> <span class='ocrx_word' id='word_1_68' title='bbox 1644 1122 1711 1171; x_wconf 84' lang='lat' dir='ltr'>si-</span> 
     </span>
     <span class='ocr_line' id='line_1_13' title="bbox 648 1199 1712 1259; baseline 0 -12"><span class='ocrx_word' id='word_1_69' title='bbox 648 1201 878 1251; x_wconf 80' lang='lat' dir='ltr'>mulacra</span> <span class='ocrx_word' id='word_1_70' title='bbox 897 1199 1127 1249; x_wconf 82' lang='lat' dir='ltr'>moveri.’</span> <span class='ocrx_word' id='word_1_71' title='bbox 1166 1200 1182 1227; x_wconf 99' lang='grc'><strong><em>6</em></strong></span> <span class='ocrx_word' id='word_1_72' title='bbox 1202 1200 1276 1248; x_wconf 91' lang='lat' dir='ltr'>Ut</span> <span class='ocrx_word' id='word_1_73' title='bbox 1299 1214 1397 1248; x_wconf 87' lang='lat' dir='ltr'>nou</span> <span class='ocrx_word' id='word_1_74' title='bbox 1417 1199 1712 1259; x_wconf 74' lang='lat' dir='ltr'>sit-mirum,</span> 
     </span>
     <span class='ocr_line' id='line_1_14' title="bbox 649 1273 1711 1338; baseline -0.003 -13"><span class='ocrx_word' id='word_1_75' title='bbox 649 1275 697 1325; x_wconf 75' lang='lat' dir='ltr'>si</span> <span class='ocrx_word' id='word_1_76' title='bbox 741 1275 794 1323; x_wconf 88' lang='lat' dir='ltr'>iu</span> <span class='ocrx_word' id='word_1_77' title='bbox 831 1276 961 1325; x_wconf 82' lang='lat' dir='ltr'>tales</span> <span class='ocrx_word' id='word_1_78' title='bbox 1007 1274 1385 1338; x_wconf 69' lang='lat' dir='ltr'>disposituras:</span> <span class='ocrx_word' id='word_1_79' title='bbox 1417 1278 1517 1325; x_wconf 67' lang='grc' dir='ltr'>διο.</span> <span class='ocrx_word' id='word_1_80' title='bbox 1557 1273 1572 1301; x_wconf 93' lang='grc'><strong><em>6</em></strong></span> <span class='ocrx_word' id='word_1_81' title='bbox 1596 1274 1711 1322; x_wconf 87' lang='lat' dir='ltr'>Nec</span> 
     </span>
     <span class='ocr_line' id='line_1_15' title="bbox 649 1346 1715 1413; baseline -0.005 -14"><span class='ocrx_word' id='word_1_82' title='bbox 649 1352 852 1411; x_wconf 86' lang='lat' dir='ltr'>mirum,</span> <span class='ocrx_word' id='word_1_83' title='bbox 884 1364 999 1400; x_wconf 88' lang='lat' dir='ltr'>cum</span> <span class='ocrx_word' id='word_1_84' title='bbox 1035 1351 1188 1413; x_wconf 81' lang='lat' dir='ltr'>plena</span> <span class='ocrx_word' id='word_1_85' title='bbox 1229 1351 1410 1399; x_wconf 85' lang='lat' dir='ltr'>animae</span> <span class='ocrx_word' id='word_1_86' title='bbox 1453 1346 1715 1408; x_wconf 80' lang='lat' dir='ltr'>vesicula‚&#39;</span> 
     </span>
     <span class='ocr_line' id='line_1_16' title="bbox 650 1422 1712 1477; baseline -0.002 -4"><span class='ocrx_word' id='word_1_87' title='bbox 650 1429 750 1477; x_wconf 68' lang='grc' dir='ltr'>διο.</span> <span class='ocrx_word' id='word_1_88' title='bbox 817 1426 965 1476; x_wconf 88' lang='lat' dir='ltr'>‘Nec</span> <span class='ocrx_word' id='word_1_89' title='bbox 988 1427 1172 1475; x_wconf 87' lang='lat' dir='ltr'>mirum</span> <span class='ocrx_word' id='word_1_90' title='bbox 1194 1432 1278 1475; x_wconf 87' lang='lat' dir='ltr'>est</span> <span class='ocrx_word' id='word_1_91' title='bbox 1313 1427 1364 1475; x_wconf 90' lang='lat' dir='ltr'>in</span> <span class='ocrx_word' id='word_1_92' title='bbox 1399 1439 1460 1473; x_wconf 84' lang='lat' dir='ltr'>eo</span> <span class='ocrx_word' id='word_1_93' title='bbox 1495 1422 1541 1473; x_wconf 86' lang='lat' dir='ltr'>si</span> <span class='ocrx_word' id='word_1_94' title='bbox 1582 1430 1712 1473; x_wconf 88' lang='lat' dir='ltr'>tem-</span> 
     </span>
     <span class='ocr_line' id='line_1_17' title="bbox 652 1498 1713 1563; baseline -0.003 -14"><span class='ocrx_word' id='word_1_95' title='bbox 652 1514 777 1563; x_wconf 89' lang='lat' dir='ltr'>pore</span> <span class='ocrx_word' id='word_1_96' title='bbox 795 1500 922 1551; x_wconf 86' lang='lat' dir='ltr'>talia</span> <span class='ocrx_word' id='word_1_97' title='bbox 943 1500 1109 1551; x_wconf 85' lang='lat' dir='ltr'>fiant.’</span> <span class='ocrx_word' id='word_1_98' title='bbox 1175 1504 1190 1529; x_wconf 76' lang='lat'>⁶</span> <span class='ocrx_word' id='word_1_99' title='bbox 1212 1499 1478 1549; x_wconf 73' lang='lat' dir='ltr'>Perfacile</span> <span class='ocrx_word' id='word_1_100' title='bbox 1499 1505 1582 1548; x_wconf 73' lang='lat' dir='ltr'>est</span> <span class='ocrx_word' id='word_1_101' title='bbox 1604 1498 1713 1547; x_wconf 90' lang='lat' dir='ltr'>ani·</span> 
     </span>
    </p>
   </div>
   <div class='ocr_carea' id='block_1_8' title="bbox 654 1570 1737 1627">
    <p class='ocr_par' dir='ltr' id='par_1_8' title="bbox 654 1570 1737 1627">
     <span class='ocr_line' id='line_1_18' title="bbox 654 1570 1737 1627; baseline -0.002 -2"><span class='ocrx_word' id='word_1_102' title='bbox 654 1577 724 1625; x_wconf 87' lang='lat' dir='ltr'>mi</span> <span class='ocrx_word' id='word_1_103' title='bbox 765 1576 1018 1625; x_wconf 83' lang='lat' dir='ltr'>rationem</span> <span class='ocrx_word' id='word_1_104' title='bbox 1049 1570 1320 1627; x_wconf 74' lang='lat' dir='ltr'>exsolvere</span> <span class='ocrx_word' id='word_1_105' title='bbox 1346 1574 1524 1627; x_wconf 67' lang='lat' dir='ltr'>nobis?</span> <span class='ocrx_word' id='word_1_106' title='bbox 1554 1575 1570 1602; x_wconf 90' lang='lat'>‘</span> <span class='ocrx_word' id='word_1_107' title='bbox 1595 1574 1737 1625; x_wconf 80' lang='lat' dir='ltr'>Quo·</span> 
     </span>
    </p>
   </div>
   <div class='ocr_carea' id='block_1_9' title="bbox 655 1651 1723 4271">
    <p class='ocr_par' dir='ltr' id='par_1_9' title="bbox 655 1651 1723 4271">
     <span class='ocr_line' id='line_1_19' title="bbox 656 1651 1715 1714; baseline 0.001 -16"><span class='ocrx_word' id='word_1_108' title='bbox 656 1651 822 1700; x_wconf 74' lang='lat' dir='ltr'>minus</span> <span class='ocrx_word' id='word_1_109' title='bbox 858 1659 940 1701; x_wconf 81' lang='lat' dir='ltr'>est</span> <span class='ocrx_word' id='word_1_110' title='bbox 984 1652 1186 1714; x_wconf 83' lang='lat' dir='ltr'>mirum,</span> <span class='ocrx_word' id='word_1_111' title='bbox 1222 1664 1362 1699; x_wconf 84' lang='lat' dir='ltr'>mare</span> <span class='ocrx_word' id='word_1_112' title='bbox 1395 1664 1500 1699; x_wconf 85' lang='lat' dir='ltr'>non</span> <span class='ocrx_word' id='word_1_113' title='bbox 1531 1664 1715 1712; x_wconf 79' lang='lat' dir='ltr'>auges·</span> 
     </span>
     <span class='ocr_line' id='line_1_20' title="bbox 657 1726 1716 1791; baseline -0.003 -14"><span class='ocrx_word' id='word_1_114' title='bbox 657 1742 780 1777; x_wconf 78' lang='lat' dir='ltr'>cere</span> <span class='ocrx_word' id='word_1_115' title='bbox 801 1728 1079 1791; x_wconf 87' lang='lat' dir='ltr'>magnum.’</span> <span class='ocrx_word' id='word_1_116' title='bbox 1144 1730 1160 1759; x_wconf 90' lang='grc'><strong><em>6</em></strong></span> <span class='ocrx_word' id='word_1_117' title='bbox 1179 1729 1299 1779; x_wconf 81' lang='lat' dir='ltr'>Quo</span> <span class='ocrx_word' id='word_1_118' title='bbox 1331 1728 1497 1777; x_wconf 80' lang='lat' dir='ltr'>minus</span> <span class='ocrx_word' id='word_1_119' title='bbox 1521 1735 1603 1775; x_wconf 80' lang='lat' dir='ltr'>est</span> <span class='ocrx_word' id='word_1_120' title='bbox 1625 1726 1716 1775; x_wconf 84' lang='lat' dir='ltr'>mi-</span> 
     </span>
     <span class='ocr_line' id='line_1_21' title="bbox 655 1802 1716 1867; baseline -0.001 -16"><span class='ocrx_word' id='word_1_121' title='bbox 655 1816 768 1851; x_wconf 83' lang='lat' dir='ltr'>rum</span> <span class='ocrx_word' id='word_1_122' title='bbox 791 1804 961 1865; x_wconf 88' lang='lat' dir='ltr'>paullo</span> <span class='ocrx_word' id='word_1_123' title='bbox 985 1803 1120 1867; x_wconf 90' lang='lat' dir='ltr'>quod</span> <span class='ocrx_word' id='word_1_124' title='bbox 1137 1804 1358 1853; x_wconf 80' lang='lat' dir='ltr'><strong>diximus</strong></span> <span class='ocrx_word' id='word_1_125' title='bbox 1379 1802 1532 1854; x_wconf 88' lang='lat' dir='ltr'>ante.&#39;</span> <span class='ocrx_word' id='word_1_126' title='bbox 1564 1802 1716 1864; x_wconf 77' lang='lat' dir='ltr'>Haec,</span> 
     </span>
     <span class='ocr_line' id='line_1_22' title="bbox 656 1876 1717 1941; baseline 0 -14"><span class='ocrx_word' id='word_1_127' title='bbox 656 1878 756 1927; x_wconf 81' lang='lat' dir='ltr'>nisi</span> <span class='ocrx_word' id='word_1_128' title='bbox 775 1876 1019 1941; x_wconf 86' lang='lat' dir='ltr'>fallimur,</span> <span class='ocrx_word' id='word_1_129' title='bbox 1065 1879 1190 1929; x_wconf 79' lang='lat' dir='ltr'>satis</span> <span class='ocrx_word' id='word_1_130' title='bbox 1223 1879 1386 1927; x_wconf 84' lang='lat' dir='ltr'>multa</span> <span class='ocrx_word' id='word_1_131' title='bbox 1409 1885 1547 1941; x_wconf 82' lang='lat' dir='ltr'>suut,</span> <span class='ocrx_word' id='word_1_132' title='bbox 1571 1884 1632 1926; x_wconf 87' lang='lat' dir='ltr'>ut</span> <span class='ocrx_word' id='word_1_133' title='bbox 1652 1892 1717 1927; x_wconf 88' lang='lat' dir='ltr'>ne</span> 
     </span>
     <span class='ocr_line' id='line_1_23' title="bbox 657 1952 1718 2015; baseline -0.001 -14"><span class='ocrx_word' id='word_1_134' title='bbox 657 1954 810 2015; x_wconf 83' lang='lat' dir='ltr'>plura</span> <span class='ocrx_word' id='word_1_135' title='bbox 850 1953 1043 2003; x_wconf 78' lang='lat' dir='ltr'>addere</span> <span class='ocrx_word' id='word_1_136' title='bbox 1089 1954 1159 2003; x_wconf 77' lang='lat' dir='ltr'>sit</span> <span class='ocrx_word' id='word_1_137' title='bbox 1188 1967 1418 2005; x_wconf 71' lang='lat' dir='ltr'>necesse.</span> <span class='ocrx_word' id='word_1_138' title='bbox 1486 1954 1621 2003; x_wconf 86' lang='lat' dir='ltr'>Nam</span> <span class='ocrx_word' id='word_1_139' title='bbox 1644 1952 1718 2001; x_wconf 90' lang='lat' dir='ltr'>lo·</span> 
     </span>
     <span class='ocr_line' id='line_1_24' title="bbox 657 2028 1719 2093; baseline -0.003 -13"><span class='ocrx_word' id='word_1_140' title='bbox 657 2044 775 2080; x_wconf 90' lang='lat' dir='ltr'>cum</span> <span class='ocrx_word' id='word_1_141' title='bbox 811 2030 1084 2093; x_wconf 84' lang='lat' dir='ltr'>quemdam</span> <span class='ocrx_word' id='word_1_142' title='bbox 1124 2030 1175 2078; x_wconf 86' lang='lat' dir='ltr'>in</span> <span class='ocrx_word' id='word_1_143' title='bbox 1207 2035 1255 2079; x_wconf 86' lang='grc'>5.</span> <span class='ocrx_word' id='word_1_144' title='bbox 1287 2029 1374 2092; x_wconf 88' lang='lat' dir='ltr'>qui</span> <span class='ocrx_word' id='word_1_145' title='bbox 1401 2028 1626 2091; x_wconf 80' lang='lat' dir='ltr'>turpiter</span> <span class='ocrx_word' id='word_1_146' title='bbox 1664 2034 1719 2077; x_wconf 89' lang='lat' dir='ltr'>et</span> 
     </span>
     <span class='ocr_line' id='line_1_25' title="bbox 657 2104 1716 2170; baseline -0.004 -15"><span class='ocrx_word' id='word_1_147' title='bbox 657 2105 873 2155; x_wconf 80' lang='lat' dir='ltr'>ridicule</span> <span class='ocrx_word' id='word_1_148' title='bbox 897 2114 1174 2170; x_wconf 84' lang='lat' dir='ltr'>corruptus</span> <span class='ocrx_word' id='word_1_149' title='bbox 1198 2112 1297 2167; x_wconf 87' lang='lat' dir='ltr'>est,</span> <span class='ocrx_word' id='word_1_150' title='bbox 1317 2118 1417 2153; x_wconf 90' lang='lat' dir='ltr'>nou</span> <span class='ocrx_word' id='word_1_151' title='bbox 1435 2104 1716 2166; x_wconf 76' lang='lat' dir='ltr'>attingam3</span> 
     </span>
     <span class='ocr_line' id='line_1_26' title="bbox 656 2178 1716 2230; baseline -0.002 -1"><span class='ocrx_word' id='word_1_152' title='bbox 656 2180 712 2229; x_wconf 84' lang='lat' dir='ltr'>id</span> <span class='ocrx_word' id='word_1_153' title='bbox 747 2188 874 2229; x_wconf 88' lang='lat' dir='ltr'>tunc</span> <span class='ocrx_word' id='word_1_154' title='bbox 907 2180 1002 2230; x_wconf 81' lang='lat' dir='ltr'>fiet</span> <span class='ocrx_word' id='word_1_155' title='bbox 1033 2196 1152 2230; x_wconf 91' lang='lat' dir='ltr'>cum</span> <span class='ocrx_word' id='word_1_156' title='bbox 1187 2181 1275 2229; x_wconf 89' lang='lat' dir='ltr'>illo</span> <span class='ocrx_word' id='word_1_157' title='bbox 1309 2180 1584 2229; x_wconf 80' lang='lat' dir='ltr'>deventum</span> <span class='ocrx_word' id='word_1_158' title='bbox 1606 2178 1716 2227; x_wconf 85' lang='lat' dir='ltr'>fue·</span> 
     </span>
     <span class='ocr_line' id='line_1_27' title="bbox 660 2256 1719 2320; baseline 0.001 -16"><span class='ocrx_word' id='word_1_159' title='bbox 660 2258 748 2317; x_wconf 85' lang='lat' dir='ltr'>rit,</span> <span class='ocrx_word' id='word_1_160' title='bbox 771 2271 908 2305; x_wconf 88' lang='lat' dir='ltr'>nunc</span> <span class='ocrx_word' id='word_1_161' title='bbox 933 2264 1105 2305; x_wconf 86' lang='lat' dir='ltr'>autem</span> <span class='ocrx_word' id='word_1_162' title='bbox 1128 2256 1267 2320; x_wconf 84' lang='lat' dir='ltr'>quod</span> <span class='ocrx_word' id='word_1_163' title='bbox 1292 2256 1342 2304; x_wconf 86' lang='lat' dir='ltr'>in</span> <span class='ocrx_word' id='word_1_164' title='bbox 1366 2256 1598 2305; x_wconf 84' lang='lat' dir='ltr'>manibus</span> <span class='ocrx_word' id='word_1_165' title='bbox 1620 2263 1719 2316; x_wconf 76' lang='lat' dir='ltr'>est,</span> 
     </span>
     <span class='ocr_line' id='line_1_28' title="bbox 656 2328 1717 2394; baseline 0.001 -15"><span class='ocrx_word' id='word_1_166' title='bbox 656 2328 712 2379; x_wconf 85' lang='lat' dir='ltr'>id</span> <span class='ocrx_word' id='word_1_167' title='bbox 729 2345 965 2394; x_wconf 77' lang='lat' dir='ltr'>agamus.</span> <span class='ocrx_word' id='word_1_168' title='bbox 1003 2331 1360 2382; x_wconf 75' lang='lat' dir='ltr'>Quaestionem</span> <span class='ocrx_word' id='word_1_169' title='bbox 1381 2331 1540 2393; x_wconf 82' lang='lat' dir='ltr'>igitur</span> <span class='ocrx_word' id='word_1_170' title='bbox 1565 2345 1717 2393; x_wconf 74' lang='lat' dir='ltr'>prox-</span> 
     </span>
     <span class='ocr_line' id='line_1_29' title="bbox 657 2405 1716 2468; baseline 0.002 -15"><span class='ocrx_word' id='word_1_171' title='bbox 657 2405 762 2455; x_wconf 83' lang='lat' dir='ltr'>ime</span> <span class='ocrx_word' id='word_1_172' title='bbox 785 2406 1103 2468; x_wconf 82' lang='lat' dir='ltr'>superiorem</span> <span class='ocrx_word' id='word_1_173' title='bbox 1137 2405 1212 2455; x_wconf 87' lang='lat' dir='ltr'>sic</span> <span class='ocrx_word' id='word_1_174' title='bbox 1241 2420 1454 2455; x_wconf 75' lang='lat' dir='ltr'>exorsus</span> <span class='ocrx_word' id='word_1_175' title='bbox 1475 2413 1590 2455; x_wconf 89' lang='lat' dir='ltr'>erat</span> <span class='ocrx_word' id='word_1_176' title='bbox 1614 2407 1716 2455; x_wconf 85' lang='lat' dir='ltr'>Lu·</span> 
     </span>
     <span class='ocr_line' id='line_1_30' title="bbox 661 2482 1717 2544; baseline 0.002 -13"><span class='ocrx_word' id='word_1_177' title='bbox 661 2482 887 2531; x_wconf 64' lang='lat' dir='ltr'>metius:</span> <span class='ocrx_word' id='word_1_178' title='bbox 928 2489 942 2511; x_wconf 85' lang='lat'>‘</span> <span class='ocrx_word' id='word_1_179' title='bbox 961 2482 1113 2533; x_wconf 81' lang='lat' dir='ltr'>Quod</span> <span class='ocrx_word' id='word_1_180' title='bbox 1138 2489 1378 2544; x_wconf 79' lang='lat' dir='ltr'>superest</span> <span class='ocrx_word' id='word_1_181' title='bbox 1399 2496 1500 2531; x_wconf 87' lang='lat' dir='ltr'>non</span> <span class='ocrx_word' id='word_1_182' title='bbox 1521 2489 1602 2531; x_wconf 89' lang='lat' dir='ltr'>est</span> <span class='ocrx_word' id='word_1_183' title='bbox 1624 2484 1717 2533; x_wconf 89' lang='lat' dir='ltr'>mi·</span> 
     </span>
     <span class='ocr_line' id='line_1_31' title="bbox 659 2558 1718 2623; baseline 0.003 -16"><span class='ocrx_word' id='word_1_184' title='bbox 659 2558 895 2618; x_wconf 85' lang='lat' dir='ltr'>randum,</span> <span class='ocrx_word' id='word_1_185' title='bbox 936 2573 1038 2622; x_wconf 89' lang='lat' dir='ltr'>qua</span> <span class='ocrx_word' id='word_1_186' title='bbox 1069 2559 1269 2607; x_wconf 84' lang='lat' dir='ltr'>ratione</span> <span class='ocrx_word' id='word_1_187' title='bbox 1305 2558 1433 2609; x_wconf 76' lang='lat' dir='ltr'>Quae</span> <span class='ocrx_word' id='word_1_188' title='bbox 1473 2560 1588 2608; x_wconf 89' lang='lat' dir='ltr'>loca</span> <span class='ocrx_word' id='word_1_189' title='bbox 1622 2575 1718 2623; x_wconf 89' lang='lat' dir='ltr'>per</span> 
     </span>
     <span class='ocr_line' id='line_1_32' title="bbox 658 2634 1721 2701; baseline 0.004 -18"><span class='ocrx_word' id='word_1_190' title='bbox 658 2641 926 2698; x_wconf 84' lang='lat' dir='ltr'>nequeunt</span> <span class='ocrx_word' id='word_1_191' title='bbox 963 2634 1100 2682; x_wconf 90' lang='lat' dir='ltr'>oculi</span> <span class='ocrx_word' id='word_1_192' title='bbox 1133 2649 1217 2683; x_wconf 85' lang='lat' dir='ltr'>res</span> <span class='ocrx_word' id='word_1_193' title='bbox 1239 2648 1454 2683; x_wconf 85' lang='lat' dir='ltr'>cernere</span> <span class='ocrx_word' id='word_1_194' title='bbox 1474 2636 1721 2701; x_wconf 65' lang='lat' dir='ltr'>apertas:</span> 
     </span>
     <span class='ocr_line' id='line_1_33' title="bbox 657 2709 1718 2775; baseline 0.003 -16"><span class='ocrx_word' id='word_1_195' title='bbox 657 2713 756 2759; x_wconf 69' lang='lat' dir='ltr'>&amp;tz-</span> <span class='ocrx_word' id='word_1_196' title='bbox 823 2709 964 2758; x_wconf 87' lang='lat' dir='ltr'>Dein</span> <span class='ocrx_word' id='word_1_197' title='bbox 998 2710 1087 2759; x_wconf 91' lang='lat' dir='ltr'>ubi</span> <span class='ocrx_word' id='word_1_198' title='bbox 1127 2725 1234 2759; x_wconf 85' lang='lat' dir='ltr'>rem</span> <span class='ocrx_word' id='word_1_199' title='bbox 1274 2710 1436 2773; x_wconf 83' lang='lat' dir='ltr'>ipsam</span> <span class='ocrx_word' id='word_1_200' title='bbox 1474 2726 1566 2775; x_wconf 85' lang='lat' dir='ltr'>per</span> <span class='ocrx_word' id='word_1_201' title='bbox 1600 2726 1718 2763; x_wconf 79' lang='lat' dir='ltr'>sese</span> 
     </span>
     <span class='ocr_line' id='line_1_34' title="bbox 657 2783 1719 2847; baseline 0.005 -15"><span class='ocrx_word' id='word_1_202' title='bbox 657 2783 958 2835; x_wconf 81' lang='lat' dir='ltr'>facillimam</span> <span class='ocrx_word' id='word_1_203' title='bbox 979 2799 1094 2835; x_wconf 75' lang='lat' dir='ltr'>esse</span> <span class='ocrx_word' id='word_1_204' title='bbox 1117 2786 1181 2835; x_wconf 85' lang='lat' dir='ltr'>ad</span> <span class='ocrx_word' id='word_1_205' title='bbox 1213 2785 1607 2847; x_wconf 85' lang='lat' dir='ltr'>intelligendum</span> <span class='ocrx_word' id='word_1_206' title='bbox 1630 2788 1719 2837; x_wconf 85' lang='lat' dir='ltr'>de·</span> 
     </span>
     <span class='ocr_line' id='line_1_35' title="bbox 657 2862 1717 2925; baseline 0.004 -16"><span class='ocrx_word' id='word_1_207' title='bbox 657 2862 985 2923; x_wconf 80' lang='lat' dir='ltr'>monstravit,</span> <span class='ocrx_word' id='word_1_208' title='bbox 1026 2876 1163 2911; x_wconf 87' lang='lat' dir='ltr'>nuuc</span> <span class='ocrx_word' id='word_1_209' title='bbox 1198 2870 1314 2925; x_wconf 82' lang='lat' dir='ltr'>post</span> <span class='ocrx_word' id='word_1_210' title='bbox 1349 2863 1560 2910; x_wconf 87' lang='lat' dir='ltr'>allatam</span> <span class='ocrx_word' id='word_1_211' title='bbox 1583 2864 1717 2913; x_wconf 84' lang='lat' dir='ltr'>solu·</span> 
     </span>
     <span class='ocr_line' id='line_1_36' title="bbox 663 2937 1716 3000; baseline 0.004 -15"><span class='ocrx_word' id='word_1_212' title='bbox 663 2938 854 2987; x_wconf 84' lang='lat' dir='ltr'>tionem</span> <span class='ocrx_word' id='word_1_213' title='bbox 887 2937 955 2985; x_wconf 88' lang='lat' dir='ltr'>de</span> <span class='ocrx_word' id='word_1_214' title='bbox 995 2951 1154 2986; x_wconf 80' lang='lat' dir='ltr'>succo</span> <span class='ocrx_word' id='word_1_215' title='bbox 1199 2944 1257 2985; x_wconf 89' lang='lat' dir='ltr'>et</span> <span class='ocrx_word' id='word_1_216' title='bbox 1298 2943 1508 2999; x_wconf 78' lang='lat' dir='ltr'>gustatu</span> <span class='ocrx_word' id='word_1_217' title='bbox 1560 2953 1716 3000; x_wconf 86' lang='lat' dir='ltr'>agere</span> 
     </span>
     <span class='ocr_line' id='line_1_37' title="bbox 658 3010 1716 3076; baseline 0.003 -15"><span class='ocrx_word' id='word_1_218' title='bbox 658 3012 864 3076; x_wconf 85' lang='lat' dir='ltr'>incipit.</span> <span class='ocrx_word' id='word_1_219' title='bbox 937 3010 1114 3061; x_wconf 88' lang='lat' dir='ltr'>Antea</span> <span class='ocrx_word' id='word_1_220' title='bbox 1167 3011 1376 3061; x_wconf 82' lang='lat' dir='ltr'>dixerat</span> <span class='ocrx_word' id='word_1_221' title='bbox 1429 3012 1716 3065; x_wconf 87' lang='lat' dir='ltr'>mirandum</span> 
     </span>
     <span class='ocr_line' id='line_1_38' title="bbox 660 3086 1717 3151; baseline -0.001 -12"><span class='ocrx_word' id='word_1_222' title='bbox 660 3103 762 3140; x_wconf 85' lang='lat' dir='ltr'>non</span> <span class='ocrx_word' id='word_1_223' title='bbox 785 3101 899 3136; x_wconf 74' lang='lat' dir='ltr'>esse</span> <span class='ocrx_word' id='word_1_224' title='bbox 937 3101 1031 3137; x_wconf 85' lang='lat' dir='ltr'>cur</span> <span class='ocrx_word' id='word_1_225' title='bbox 1053 3102 1154 3151; x_wconf 87' lang='lat' dir='ltr'>qua</span> <span class='ocrx_word' id='word_1_226' title='bbox 1176 3086 1314 3135; x_wconf 84' lang='lat' dir='ltr'>visus</span> <span class='ocrx_word' id='word_1_227' title='bbox 1338 3092 1592 3135; x_wconf 85' lang='lat' dir='ltr'>trameare</span> <span class='ocrx_word' id='word_1_228' title='bbox 1616 3102 1717 3138; x_wconf 86' lang='lat' dir='ltr'>non</span> 
     </span>
     <span class='ocr_line' id='line_1_39' title="bbox 658 3156 1718 3226; baseline 0 -13"><span class='ocrx_word' id='word_1_229' title='bbox 658 3165 841 3226; x_wconf 81' lang='lat' dir='ltr'>soleat,</span> <span class='ocrx_word' id='word_1_230' title='bbox 883 3178 946 3212; x_wconf 88' lang='lat' dir='ltr'>ea</span> <span class='ocrx_word' id='word_1_231' title='bbox 982 3178 1161 3212; x_wconf 84' lang='lat' dir='ltr'>vocem</span> <span class='ocrx_word' id='word_1_232' title='bbox 1202 3156 1458 3211; x_wconf 74' lang='lat' dir='ltr'>t&#39;rameare</span> <span class='ocrx_word' id='word_1_233' title='bbox 1493 3163 1718 3213; x_wconf 85' lang='lat' dir='ltr'>animad-</span> 
     </span>
     <span class='ocr_line' id='line_1_40' title="bbox 659 3239 1718 3302; baseline 0 -13"><span class='ocrx_word' id='word_1_234' title='bbox 659 3247 952 3290; x_wconf 81' lang='lat' dir='ltr'>vertamus:</span> <span class='ocrx_word' id='word_1_235' title='bbox 989 3255 1142 3290; x_wconf 86' lang='lat' dir='ltr'>nunc.</span> <span class='ocrx_word' id='word_1_236' title='bbox 1163 3239 1324 3297; x_wconf 87' lang='lat' dir='ltr'>addit,</span> <span class='ocrx_word' id='word_1_237' title='bbox 1356 3250 1412 3289; x_wconf 87' lang='lat' dir='ltr'>ut</span> <span class='ocrx_word' id='word_1_238' title='bbox 1441 3239 1718 3302; x_wconf 82' lang='lat' dir='ltr'>legendum</span> 
     </span>
     <span class='ocr_line' id='line_1_41' title="bbox 659 3320 1718 3381; baseline 0 -14"><span class='ocrx_word' id='word_1_239' title='bbox 659 3320 939 3379; x_wconf 86' lang='lat' dir='ltr'>contendo,</span> <span class='ocrx_word' id='word_1_240' title='bbox 961 3320 1082 3381; x_wconf 77' lang='lat' dir='ltr'>Nee,</span> <span class='ocrx_word' id='word_1_241' title='bbox 1108 3322 1239 3381; x_wconf 77' lang='lat' dir='ltr'>queis</span> <span class='ocrx_word' id='word_1_242' title='bbox 1258 3320 1484 3369; x_wconf 74' lang='lat' dir='ltr'>sentimus</span> <span class='ocrx_word' id='word_1_243' title='bbox 1515 3332 1718 3381; x_wconf 73' lang='lat' dir='ltr'>succum,</span> 
     </span>
     <span class='ocr_line' id='line_1_42' title="bbox 657 3394 1719 3456; baseline 0 -15"><span class='ocrx_word' id='word_1_244' title='bbox 657 3394 823 3455; x_wconf 78' lang='lat' dir='ltr'>lingua</span> <span class='ocrx_word' id='word_1_245' title='bbox 847 3399 987 3456; x_wconf 78' lang='lat' dir='ltr'>utque</span> <span class='ocrx_word' id='word_1_246' title='bbox 1001 3395 1232 3456; x_wconf 79' lang='lat' dir='ltr'>palatum,</span> <span class='ocrx_word' id='word_1_247' title='bbox 1259 3395 1528 3441; x_wconf 77' lang='lat' dir='ltr'>Plusculum</span> <span class='ocrx_word' id='word_1_248' title='bbox 1549 3394 1719 3442; x_wconf 75' lang='lat' dir='ltr'>habent</span> 
     </span>
     <span class='ocr_line' id='line_1_43' title="bbox 659 3468 1719 3531; baseline 0 -14"><span class='ocrx_word' id='word_1_249' title='bbox 659 3469 713 3518; x_wconf 75' lang='lat' dir='ltr'>in</span> <span class='ocrx_word' id='word_1_250' title='bbox 744 3484 794 3517; x_wconf 74' lang='lat' dir='ltr'>se</span> <span class='ocrx_word' id='word_1_251' title='bbox 833 3468 1053 3531; x_wconf 73' lang='lat' dir='ltr'>rationis,</span> <span class='ocrx_word' id='word_1_252' title='bbox 1078 3468 1274 3530; x_wconf 69' lang='lat' dir='ltr'>plusque</span> <span class='ocrx_word' id='word_1_253' title='bbox 1305 3468 1483 3530; x_wconf 81' lang='lat' dir='ltr'>operui.</span> <span class='ocrx_word' id='word_1_254' title='bbox 1549 3470 1719 3519; x_wconf 81' lang='lat' dir='ltr'>Quam</span> 
     </span>
     <span class='ocr_line' id='line_1_44' title="bbox 660 3542 1717 3606; baseline -0.001 -14"><span class='ocrx_word' id='word_1_255' title='bbox 660 3542 939 3594; x_wconf 85' lang='lat' dir='ltr'>lectionem</span> <span class='ocrx_word' id='word_1_256' title='bbox 961 3544 1013 3591; x_wconf 91' lang='lat' dir='ltr'>iu</span> <span class='ocrx_word' id='word_1_257' title='bbox 1052 3542 1356 3606; x_wconf 79' lang='lat' dir='ltr'>quibusdum</span> <span class='ocrx_word' id='word_1_258' title='bbox 1389 3542 1534 3590; x_wconf 86' lang='lat' dir='ltr'>libris</span> <span class='ocrx_word' id='word_1_259' title='bbox 1569 3557 1717 3604; x_wconf 87' lang='lat' dir='ltr'>repe-</span> 
     </span>
     <span class='ocr_line' id='line_1_45' title="bbox 661 3616 1720 3680; baseline 0.002 -15"><span class='ocrx_word' id='word_1_260' title='bbox 661 3618 754 3666; x_wconf 82' lang='lat' dir='ltr'>riri</span> <span class='ocrx_word' id='word_1_261' title='bbox 785 3627 984 3667; x_wconf 90' lang='lat' dir='ltr'>certum</span> <span class='ocrx_word' id='word_1_262' title='bbox 1018 3625 1114 3679; x_wconf 70' lang='lat' dir='ltr'>est,</span> <span class='ocrx_word' id='word_1_263' title='bbox 1153 3631 1370 3680; x_wconf 86' lang='lat' dir='ltr'>eamque</span> <span class='ocrx_word' id='word_1_264' title='bbox 1403 3632 1433 3664; x_wconf 85' lang='lat' dir='ltr'>a</span> <span class='ocrx_word' id='word_1_265' title='bbox 1469 3616 1720 3667; x_wconf 84' lang='lat' dir='ltr'>Lambiuo</span> 
     </span>
     <span class='ocr_line' id='line_1_46' title="bbox 663 3691 1721 3754; baseline 0 -13"><span class='ocrx_word' id='word_1_266' title='bbox 663 3691 897 3741; x_wconf 88' lang='lat' dir='ltr'>damnari</span> <span class='ocrx_word' id='word_1_267' title='bbox 921 3697 1013 3741; x_wconf 85' lang='lat' dir='ltr'>aut</span> <span class='ocrx_word' id='word_1_268' title='bbox 1034 3697 1178 3741; x_wconf 90' lang='lat' dir='ltr'>certe</span> <span class='ocrx_word' id='word_1_269' title='bbox 1202 3692 1255 3740; x_wconf 88' lang='lat' dir='ltr'>in</span> <span class='ocrx_word' id='word_1_270' title='bbox 1276 3692 1619 3754; x_wconf 81' lang='lat' dir='ltr'>suspicionem</span> <span class='ocrx_word' id='word_1_271' title='bbox 1636 3708 1721 3741; x_wconf 87' lang='lat' dir='ltr'>vo·</span> 
     </span>
     <span class='ocr_line' id='line_1_47' title="bbox 661 3766 1721 3817; baseline 0.005 -4"><span class='ocrx_word' id='word_1_272' title='bbox 661 3766 769 3813; x_wconf 86' lang='lat' dir='ltr'>cari</span> <span class='ocrx_word' id='word_1_273' title='bbox 829 3766 1005 3816; x_wconf 81' lang='lat' dir='ltr'>miror.</span> <span class='ocrx_word' id='word_1_274' title='bbox 1073 3766 1224 3817; x_wconf 82' lang='lat' dir='ltr'>Quod</span> <span class='ocrx_word' id='word_1_275' title='bbox 1277 3773 1450 3815; x_wconf 88' lang='lat' dir='ltr'>autem</span> <span class='ocrx_word' id='word_1_276' title='bbox 1510 3766 1721 3817; x_wconf 85' lang='lat' dir='ltr'>turbare</span> 
     </span>
     <span class='ocr_line' id='line_1_48' title="bbox 659 3841 1713 3904; baseline 0.006 -15"><span class='ocrx_word' id='word_1_277' title='bbox 659 3842 866 3891; x_wconf 83' lang='lat' dir='ltr'>videtur</span> <span class='ocrx_word' id='word_1_278' title='bbox 897 3841 1038 3891; x_wconf 80' lang='lat' dir='ltr'>istud</span> <span class='ocrx_word' id='word_1_279' title='bbox 1065 3842 1342 3904; x_wconf 75' lang='lat' dir='ltr'>plusculum,</span> <span class='ocrx_word' id='word_1_280' title='bbox 1391 3856 1494 3890; x_wconf 83' lang='lat' dir='ltr'>non</span> <span class='ocrx_word' id='word_1_281' title='bbox 1527 3843 1713 3895; x_wconf 79' lang='lat' dir='ltr'>debet:</span> 
     </span>
     <span class='ocr_line' id='line_1_49' title="bbox 658 3914 1720 3967; baseline 0.004 -4"><span class='ocrx_word' id='word_1_282' title='bbox 658 3914 756 3964; x_wconf 83' lang='lat' dir='ltr'>hoc</span> <span class='ocrx_word' id='word_1_283' title='bbox 777 3915 912 3963; x_wconf 89' lang='lat' dir='ltr'>enim</span> <span class='ocrx_word' id='word_1_284' title='bbox 937 3914 1051 3963; x_wconf 88' lang='lat' dir='ltr'>loco</span> <span class='ocrx_word' id='word_1_285' title='bbox 1073 3914 1292 3963; x_wconf 86' lang='lat' dir='ltr'>eandem</span> <span class='ocrx_word' id='word_1_286' title='bbox 1335 3916 1436 3964; x_wconf 87' lang='lat' dir='ltr'>vim</span> <span class='ocrx_word' id='word_1_287' title='bbox 1468 3915 1629 3965; x_wconf 83' lang='lat' dir='ltr'>habet</span> <span class='ocrx_word' id='word_1_288' title='bbox 1659 3932 1720 3967; x_wconf 88' lang='lat' dir='ltr'>ac</span> 
     </span>
     <span class='ocr_line' id='line_1_50' title="bbox 661 3988 1723 4053; baseline 0.005 -16"><span class='ocrx_word' id='word_1_289' title='bbox 661 3990 796 4053; x_wconf 79' lang='lat' dir='ltr'>plus,</span> <span class='ocrx_word' id='word_1_290' title='bbox 853 3989 928 4039; x_wconf 90' lang='lat' dir='ltr'>uti</span> <span class='ocrx_word' id='word_1_291' title='bbox 981 3997 1036 4037; x_wconf 91' lang='lat' dir='ltr'>et</span> <span class='ocrx_word' id='word_1_292' title='bbox 1089 3988 1439 4053; x_wconf 79' lang='grc' dir='ltr'>ἀκροτελεύτιον</span> <span class='ocrx_word' id='word_1_293' title='bbox 1491 3993 1723 4043; x_wconf 84' lang='lat' dir='ltr'>ostendit</span> 
     </span>
     <span class='ocr_line' id='line_1_51' title="bbox 658 4064 1719 4129; baseline 0.004 -16"><span class='ocrx_word' id='word_1_294' title='bbox 658 4066 676 4092; x_wconf 94' lang='grc'><strong><em>6</em></strong></span> <span class='ocrx_word' id='word_1_295' title='bbox 701 4066 917 4129; x_wconf 81' lang='lat' dir='ltr'>plusque</span> <span class='ocrx_word' id='word_1_296' title='bbox 941 4064 1152 4128; x_wconf 67' lang='lat' dir='ltr'>operui!</span> <span class='ocrx_word' id='word_1_297' title='bbox 1213 4066 1290 4115; x_wconf 93' lang='lat' dir='ltr'>At</span> <span class='ocrx_word' id='word_1_298' title='bbox 1313 4080 1433 4115; x_wconf 87' lang='lat' dir='ltr'>vero</span> <span class='ocrx_word' id='word_1_299' title='bbox 1456 4068 1580 4115; x_wconf 86' lang='lat' dir='ltr'>illud</span> <span class='ocrx_word' id='word_1_300' title='bbox 1600 4070 1616 4095; x_wconf 87' lang='grc'><strong><em>6</em></strong></span> <span class='ocrx_word' id='word_1_301' title='bbox 1643 4083 1719 4117; x_wconf 86' lang='lat' dir='ltr'>ra·</span> 
     </span>
     <span class='ocr_line' id='line_1_52' title="bbox 661 4138 1721 4206; baseline 0.004 -17"><span class='ocrx_word' id='word_1_302' title='bbox 661 4138 850 4189; x_wconf 80' lang='lat' dir='ltr'>tionis&#39;</span> <span class='ocrx_word' id='word_1_303' title='bbox 901 4154 1003 4189; x_wconf 89' lang='lat' dir='ltr'>nou</span> <span class='ocrx_word' id='word_1_304' title='bbox 1045 4148 1124 4191; x_wconf 81' lang='lat' dir='ltr'>est</span> <span class='ocrx_word' id='word_1_305' title='bbox 1173 4142 1308 4206; x_wconf 88' lang='lat' dir='ltr'>quod</span> <span class='ocrx_word' id='word_1_306' title='bbox 1345 4143 1460 4206; x_wconf 82' lang='lat' dir='ltr'>quis</span> <span class='ocrx_word' id='word_1_307' title='bbox 1501 4143 1721 4195; x_wconf 68' lang='lat' dir='ltr'>sortasse</span> 
     </span>
     <span class='ocr_line' id='line_1_53' title="bbox 663 4213 1720 4271; baseline 0.006 -6"><span class='ocrx_word' id='word_1_308' title='bbox 663 4213 944 4265; x_wconf 76' lang='lat' dir='ltr'>existimet.</span> <span class='ocrx_word' id='word_1_309' title='bbox 1010 4218 1026 4245; x_wconf 97' lang='grc'><strong><em>6</em></strong></span> <span class='ocrx_word' id='word_1_310' title='bbox 1054 4218 1225 4267; x_wconf 86' lang='lat' dir='ltr'>Ratio&#39;</span> <span class='ocrx_word' id='word_1_311' title='bbox 1267 4218 1401 4268; x_wconf 87' lang='lat' dir='ltr'>enim</span> <span class='ocrx_word' id='word_1_312' title='bbox 1455 4221 1552 4271; x_wconf 88' lang='lat' dir='ltr'>hoc</span> <span class='ocrx_word' id='word_1_313' title='bbox 1606 4222 1720 4271; x_wconf 87' lang='lat' dir='ltr'>loco</span> 
     </span>
    </p>
   </div>
   <div class='ocr_carea' id='block_1_10' title="bbox 1784 741 2862 4291">
    <p class='ocr_par' dir='ltr' id='par_1_10' title="bbox 1784 741 2862 3984">
     <span class='ocr_line' id='line_1_54' title="bbox 1784 741 2843 807; baseline -0.001 -15"><span class='ocrx_word' id='word_1_314' title='bbox 1784 759 1945 806; x_wconf 80' lang='lat' dir='ltr'>rosas,</span> <span class='ocrx_word' id='word_1_315' title='bbox 1984 746 2082 794; x_wconf 83' lang='lat' dir='ltr'>&amp;c.</span> <span class='ocrx_word' id='word_1_316' title='bbox 2122 741 2257 807; x_wconf 87' lang='lat' dir='ltr'>quod</span> <span class='ocrx_word' id='word_1_317' title='bbox 2295 742 2548 804; x_wconf 80' lang='lat' dir='ltr'>explicari</span> <span class='ocrx_word' id='word_1_318' title='bbox 2570 741 2843 791; x_wconf 83' lang='lat' dir='ltr'>debuerat.</span> 
     </span>
     <span class='ocr_line' id='line_1_55' title="bbox 1786 820 2848 884; baseline -0.001 -15"><span class='ocrx_word' id='word_1_319' title='bbox 1786 821 1919 870; x_wconf 71' lang='lat' dir='ltr'>Haec</span> <span class='ocrx_word' id='word_1_320' title='bbox 1942 820 2191 884; x_wconf 85' lang='lat' dir='ltr'>prolixius</span> <span class='ocrx_word' id='word_1_321' title='bbox 2206 820 2707 884; x_wconf 71' lang='lat' dir='ltr'>praeterinntitutum</span> <span class='ocrx_word' id='word_1_322' title='bbox 2733 834 2848 869; x_wconf 82' lang='lat' dir='ltr'>nos-</span> 
     </span>
     <span class='ocr_line' id='line_1_56' title="bbox 1786 897 2845 959; baseline 0 -12"><span class='ocrx_word' id='word_1_323' title='bbox 1786 905 1919 947; x_wconf 87' lang='lat' dir='ltr'>trum</span> <span class='ocrx_word' id='word_1_324' title='bbox 1940 914 1955 959; x_wconf 80' lang='lat'>3</span> <span class='ocrx_word' id='word_1_325' title='bbox 1997 897 2088 946; x_wconf 89' lang='lat' dir='ltr'>sed</span> <span class='ocrx_word' id='word_1_326' title='bbox 2114 905 2285 946; x_wconf 88' lang='lat' dir='ltr'>tamen</span> <span class='ocrx_word' id='word_1_327' title='bbox 2308 898 2477 945; x_wconf 84' lang='lat' dir='ltr'>locum</span> <span class='ocrx_word' id='word_1_328' title='bbox 2494 897 2627 945; x_wconf 83' lang='lat' dir='ltr'>hunc</span> <span class='ocrx_word' id='word_1_329' title='bbox 2648 897 2845 947; x_wconf 79' lang='lat' dir='ltr'>Lucre-</span> 
     </span>
     <span class='ocr_line' id='line_1_57' title="bbox 1786 972 2843 1023; baseline -0.002 -1"><span class='ocrx_word' id='word_1_330' title='bbox 1786 975 1846 1023; x_wconf 88' lang='lat' dir='ltr'>tii</span> <span class='ocrx_word' id='word_1_331' title='bbox 1887 974 1965 1022; x_wconf 85' lang='lat' dir='ltr'>ita</span> <span class='ocrx_word' id='word_1_332' title='bbox 1994 973 2261 1022; x_wconf 85' lang='lat' dir='ltr'>detersum</span> <span class='ocrx_word' id='word_1_333' title='bbox 2284 972 2520 1021; x_wconf 84' lang='lat' dir='ltr'>dedimus</span> <span class='ocrx_word' id='word_1_334' title='bbox 2540 980 2595 1020; x_wconf 89' lang='lat' dir='ltr'>et</span> <span class='ocrx_word' id='word_1_335' title='bbox 2616 972 2843 1020; x_wconf 82' lang='lat' dir='ltr'>elucida-</span> 
     </span>
     <span class='ocr_line' id='line_1_58' title="bbox 1787 1048 2847 1112; baseline -0.002 -15"><span class='ocrx_word' id='word_1_336' title='bbox 1787 1057 1915 1111; x_wconf 88' lang='lat' dir='ltr'>tum,</span> <span class='ocrx_word' id='word_1_337' title='bbox 1952 1049 2062 1112; x_wconf 85' lang='lat' dir='ltr'>ejus</span> <span class='ocrx_word' id='word_1_338' title='bbox 2094 1055 2156 1097; x_wconf 89' lang='lat' dir='ltr'>ut</span> <span class='ocrx_word' id='word_1_339' title='bbox 2188 1062 2361 1108; x_wconf 83' lang='lat' dir='ltr'>operae</span> <span class='ocrx_word' id='word_1_340' title='bbox 2398 1062 2479 1095; x_wconf 88' lang='lat' dir='ltr'>me</span> <span class='ocrx_word' id='word_1_341' title='bbox 2512 1048 2647 1097; x_wconf 84' lang='lat' dir='ltr'>haud</span> <span class='ocrx_word' id='word_1_342' title='bbox 2684 1048 2847 1111; x_wconf 84' lang='lat' dir='ltr'>poeni·</span> 
     </span>
     <span class='ocr_line' id='line_1_59' title="bbox 1786 1122 2847 1185; baseline -0.001 -12"><span class='ocrx_word' id='word_1_343' title='bbox 1786 1131 1917 1173; x_wconf 86' lang='lat' dir='ltr'>teat.</span> <span class='ocrx_word' id='word_1_344' title='bbox 1952 1123 2123 1173; x_wconf 79' lang='lat' dir='ltr'>Faber.</span> <span class='ocrx_word' id='word_1_345' title='bbox 2190 1123 2314 1171; x_wconf 81' lang='lat' dir='ltr'>Hoec</span> <span class='ocrx_word' id='word_1_346' title='bbox 2334 1123 2465 1184; x_wconf 79' lang='lat' dir='ltr'>queis</span> <span class='ocrx_word' id='word_1_347' title='bbox 2484 1124 2728 1183; x_wconf 74' lang='lat' dir='ltr'>sentimus,</span> <span class='ocrx_word' id='word_1_348' title='bbox 2760 1122 2847 1185; x_wconf 54' lang='lat'>&amp;¹⁶-</span> 
     </span>
     <span class='ocr_line' id='line_1_60' title="bbox 1788 1196 2851 1261; baseline 0.002 -17"><span class='ocrx_word' id='word_1_349' title='bbox 1788 1196 1893 1245; x_wconf 80' lang='lat' dir='ltr'>Nec</span> <span class='ocrx_word' id='word_1_350' title='bbox 1932 1199 2063 1259; x_wconf 73' lang='lat' dir='ltr'>queis</span> <span class='ocrx_word' id='word_1_351' title='bbox 2092 1200 2319 1247; x_wconf 72' lang='lat' dir='ltr'>sentimus</span> <span class='ocrx_word' id='word_1_352' title='bbox 2350 1212 2467 1246; x_wconf 88' lang='lat' dir='ltr'>cum</span> <span class='ocrx_word' id='word_1_353' title='bbox 2496 1198 2661 1245; x_wconf 86' lang='lat' dir='ltr'>Fabro</span> <span class='ocrx_word' id='word_1_354' title='bbox 2684 1199 2851 1261; x_wconf 80' lang='lat' dir='ltr'>legas,</span> 
     </span>
     <span class='ocr_line' id='line_1_61' title="bbox 1788 1272 2850 1337; baseline 0.002 -16"><span class='ocrx_word' id='word_1_355' title='bbox 1788 1286 1889 1321; x_wconf 88' lang='lat' dir='ltr'>non</span> <span class='ocrx_word' id='word_1_356' title='bbox 1932 1274 2066 1323; x_wconf 80' lang='lat' dir='ltr'>enim</span> <span class='ocrx_word' id='word_1_357' title='bbox 2114 1275 2263 1337; x_wconf 86' lang='lat' dir='ltr'>plura</span> <span class='ocrx_word' id='word_1_358' title='bbox 2298 1282 2419 1321; x_wconf 79' lang='lat' dir='ltr'>sunt</span> <span class='ocrx_word' id='word_1_359' title='bbox 2460 1283 2515 1322; x_wconf 88' lang='lat' dir='ltr'>et</span> <span class='ocrx_word' id='word_1_360' title='bbox 2556 1272 2850 1323; x_wconf 81' lang='lat' dir='ltr'>difficiliora</span> 
     </span>
     <span class='ocr_line' id='line_1_62' title="bbox 1788 1348 2848 1413; baseline 0.003 -18"><span class='ocrx_word' id='word_1_361' title='bbox 1788 1348 2056 1411; x_wconf 84' lang='lat' dir='ltr'>explicatu</span> <span class='ocrx_word' id='word_1_362' title='bbox 2102 1349 2169 1397; x_wconf 92' lang='lat' dir='ltr'>de</span> <span class='ocrx_word' id='word_1_363' title='bbox 2210 1356 2384 1411; x_wconf 86' lang='lat' dir='ltr'>gustu,</span> <span class='ocrx_word' id='word_1_364' title='bbox 2428 1364 2579 1413; x_wconf 88' lang='lat' dir='ltr'>quam</span> <span class='ocrx_word' id='word_1_365' title='bbox 2624 1349 2689 1397; x_wconf 83' lang='lat' dir='ltr'>de</span> <span class='ocrx_word' id='word_1_366' title='bbox 2736 1350 2848 1399; x_wconf 83' lang='lat' dir='ltr'>visu</span> 
     </span>
     <span class='ocr_line' id='line_1_63' title="bbox 1788 1424 2847 1489; baseline 0.002 -16"><span class='ocrx_word' id='word_1_367' title='bbox 1788 1433 1843 1473; x_wconf 89' lang='lat' dir='ltr'>et</span> <span class='ocrx_word' id='word_1_368' title='bbox 1877 1424 2074 1488; x_wconf 85' lang='lat' dir='ltr'>auditu,</span> <span class='ocrx_word' id='word_1_369' title='bbox 2109 1426 2460 1489; x_wconf 81' lang='lat' dir='ltr'>problemata:</span> <span class='ocrx_word' id='word_1_370' title='bbox 2498 1433 2765 1489; x_wconf 66' lang='lat' dir='ltr'>gustamus</span> <span class='ocrx_word' id='word_1_371' title='bbox 2791 1440 2847 1475; x_wconf 58' lang='lat' dir='ltr'>&gt;e-</span> 
     </span>
     <span class='ocr_line' id='line_1_64' title="bbox 1788 1500 2849 1566; baseline 0.001 -15"><span class='ocrx_word' id='word_1_372' title='bbox 1788 1500 1913 1562; x_wconf 85' lang='lat' dir='ltr'>nim,</span> <span class='ocrx_word' id='word_1_373' title='bbox 1940 1518 2037 1550; x_wconf 79' lang='lat' dir='ltr'>vss.</span> <span class='ocrx_word' id='word_1_374' title='bbox 2064 1508 2141 1552; x_wconf 80' lang='lat'>18.</span> <span class='ocrx_word' id='word_1_375' title='bbox 2166 1518 2280 1551; x_wconf 88' lang='lat' dir='ltr'>cum</span> <span class='ocrx_word' id='word_1_376' title='bbox 2305 1517 2488 1552; x_wconf 84' lang='lat' dir='ltr'>succus</span> <span class='ocrx_word' id='word_1_377' title='bbox 2512 1518 2542 1553; x_wconf 86' lang='lat' dir='ltr'>e</span> <span class='ocrx_word' id='word_1_378' title='bbox 2568 1518 2623 1551; x_wconf 88' lang='lat' dir='ltr'>re</span> <span class='ocrx_word' id='word_1_379' title='bbox 2644 1503 2849 1566; x_wconf 73' lang='lat' dir='ltr'>sapida,</span> 
     </span>
     <span class='ocr_line' id='line_1_65' title="bbox 1794 1578 2851 1641; baseline 0.002 -18"><span class='ocrx_word' id='word_1_380' title='bbox 1794 1584 2034 1640; x_wconf 84' lang='lat' dir='ltr'>tauquam</span> <span class='ocrx_word' id='word_1_381' title='bbox 2075 1593 2209 1641; x_wconf 88' lang='lat' dir='ltr'>aqua</span> <span class='ocrx_word' id='word_1_382' title='bbox 2240 1593 2270 1625; x_wconf 91' lang='lat' dir='ltr'>e</span> <span class='ocrx_word' id='word_1_383' title='bbox 2304 1578 2540 1641; x_wconf 69' lang='lat' dir='ltr'>spongia,</span> <span class='ocrx_word' id='word_1_384' title='bbox 2574 1592 2851 1640; x_wconf 75' lang='lat' dir='ltr'>expressus</span> 
     </span>
     <span class='ocr_line' id='line_1_66' title="bbox 1790 1650 2844 1716; baseline 0.002 -17"><span class='ocrx_word' id='word_1_385' title='bbox 1790 1650 1843 1699; x_wconf 87' lang='lat' dir='ltr'>iu</span> <span class='ocrx_word' id='word_1_386' title='bbox 1866 1664 2133 1713; x_wconf 78' lang='lat' dir='ltr'>organum,</span> <span class='ocrx_word' id='word_1_387' title='bbox 2168 1653 2395 1716; x_wconf 83' lang='lat' dir='ltr'>palatum</span> <span class='ocrx_word' id='word_1_388' title='bbox 2435 1654 2729 1715; x_wconf 77' lang='lat' dir='ltr'>linguamve</span> <span class='ocrx_word' id='word_1_389' title='bbox 2756 1665 2844 1715; x_wconf 84' lang='lat' dir='ltr'>pe·</span> 
     </span>
     <span class='ocr_line' id='line_1_67' title="bbox 1790 1727 2850 1777; baseline 0.004 -5"><span class='ocrx_word' id='word_1_390' title='bbox 1790 1734 1983 1775; x_wconf 79' lang='lat' dir='ltr'>netret.</span> <span class='ocrx_word' id='word_1_391' title='bbox 2048 1727 2153 1777; x_wconf 81' lang='lat' dir='ltr'>Qui</span> <span class='ocrx_word' id='word_1_392' title='bbox 2196 1742 2381 1776; x_wconf 84' lang='lat' dir='ltr'>succus</span> <span class='ocrx_word' id='word_1_393' title='bbox 2435 1728 2480 1775; x_wconf 86' lang='lat' dir='ltr'>si</span> <span class='ocrx_word' id='word_1_394' title='bbox 2534 1733 2744 1775; x_wconf 81' lang='lat' dir='ltr'>constet</span> <span class='ocrx_word' id='word_1_395' title='bbox 2782 1742 2850 1777; x_wconf 82' lang='lat' dir='ltr'>ex</span> 
     </span>
     <span class='ocr_line' id='line_1_68' title="bbox 1792 1802 2851 1866; baseline 0.004 -17"><span class='ocrx_word' id='word_1_396' title='bbox 1792 1802 2108 1863; x_wconf 77' lang='lat' dir='ltr'>corpusculis</span> <span class='ocrx_word' id='word_1_397' title='bbox 2152 1816 2216 1851; x_wconf 89' lang='lat' dir='ltr'>ea</span> <span class='ocrx_word' id='word_1_398' title='bbox 2265 1804 2462 1851; x_wconf 87' lang='lat' dir='ltr'>ratione</span> <span class='ocrx_word' id='word_1_399' title='bbox 2517 1803 2851 1866; x_wconf 69' lang='lat' dir='ltr'>configurantis</span> 
     </span>
     <span class='ocr_line' id='line_1_69' title="bbox 1790 1874 2849 1941; baseline 0.004 -18"><span class='ocrx_word' id='word_1_400' title='bbox 1790 1880 1851 1923; x_wconf 88' lang='lat' dir='ltr'>ut</span> <span class='ocrx_word' id='word_1_401' title='bbox 1887 1874 1943 1925; x_wconf 89' lang='lat' dir='ltr'>in</span> <span class='ocrx_word' id='word_1_402' title='bbox 1976 1890 2225 1938; x_wconf 86' lang='lat' dir='ltr'>organum</span> <span class='ocrx_word' id='word_1_403' title='bbox 2244 1884 2479 1938; x_wconf 73' lang='lat' dir='ltr'>gustatus</span> <span class='ocrx_word' id='word_1_404' title='bbox 2498 1875 2676 1938; x_wconf 77' lang='lat' dir='ltr'>effusa,</span> <span class='ocrx_word' id='word_1_405' title='bbox 2695 1893 2849 1941; x_wconf 82' lang='lat' dir='ltr'>porn-</span> 
     </span>
     <span class='ocr_line' id='line_1_70' title="bbox 1793 1950 2851 2017; baseline 0.005 -20"><span class='ocrx_word' id='word_1_406' title='bbox 1793 1950 1974 2013; x_wconf 84' lang='lat' dir='ltr'>losque</span> <span class='ocrx_word' id='word_1_407' title='bbox 2016 1953 2124 2014; x_wconf 73' lang='lat' dir='ltr'>eJus</span> <span class='ocrx_word' id='word_1_408' title='bbox 2156 1952 2433 2001; x_wconf 76' lang='lat' dir='ltr'>subeuntia</span> <span class='ocrx_word' id='word_1_409' title='bbox 2464 1955 2703 2016; x_wconf 83' lang='lat' dir='ltr'>apposite</span> <span class='ocrx_word' id='word_1_410' title='bbox 2724 1955 2851 2017; x_wconf 75' lang='lat' dir='ltr'>ipsis</span> 
     </span>
     <span class='ocr_line' id='line_1_71' title="bbox 1794 2027 2853 2091; baseline 0.004 -17"><span class='ocrx_word' id='word_1_411' title='bbox 1794 2027 1975 2075; x_wconf 87' lang='lat' dir='ltr'>iisdem</span> <span class='ocrx_word' id='word_1_412' title='bbox 1991 2029 2257 2091; x_wconf 83' lang='lat' dir='ltr'>particulis</span> <span class='ocrx_word' id='word_1_413' title='bbox 2270 2029 2743 2091; x_wconf 84' lang='lat' dir='ltr'>accommodentur,</span> <span class='ocrx_word' id='word_1_414' title='bbox 2752 2031 2853 2078; x_wconf 86' lang='lat' dir='ltr'>sic·-</span> 
     </span>
     <span class='ocr_line' id='line_1_72' title="bbox 1792 2104 2853 2167; baseline 0.008 -18"><span class='ocrx_word' id='word_1_415' title='bbox 1792 2118 1891 2166; x_wconf 89' lang='lat' dir='ltr'>que</span> <span class='ocrx_word' id='word_1_416' title='bbox 1916 2104 2083 2166; x_wconf 77' lang='lat' dir='ltr'>ipsum</span> <span class='ocrx_word' id='word_1_417' title='bbox 2122 2104 2395 2167; x_wconf 84' lang='lat' dir='ltr'>deliniant,</span> <span class='ocrx_word' id='word_1_418' title='bbox 2431 2104 2777 2167; x_wconf 81' lang='lat' dir='ltr'>demulceant,</span> <span class='ocrx_word' id='word_1_419' title='bbox 2794 2114 2853 2157; x_wconf 79' lang='lat' dir='ltr'>et</span> 
     </span>
     <span class='ocr_line' id='line_1_73' title="bbox 1794 2178 2851 2243; baseline 0.004 -16"><span class='ocrx_word' id='word_1_420' title='bbox 1794 2178 1979 2227; x_wconf 81' lang='lat' dir='ltr'>leuiter</span> <span class='ocrx_word' id='word_1_421' title='bbox 2025 2180 2333 2243; x_wconf 83' lang='lat' dir='ltr'>placideque</span> <span class='ocrx_word' id='word_1_422' title='bbox 2394 2179 2639 2243; x_wconf 80' lang='lat' dir='ltr'>afficiant,</span> <span class='ocrx_word' id='word_1_423' title='bbox 2678 2182 2851 2231; x_wconf 79' lang='lat' dir='ltr'>suavis</span> 
     </span>
     <span class='ocr_line' id='line_1_74' title="bbox 1794 2255 2854 2321; baseline 0.006 -19"><span class='ocrx_word' id='word_1_424' title='bbox 1794 2255 2017 2305; x_wconf 81' lang='lat' dir='ltr'>videtur.</span> <span class='ocrx_word' id='word_1_425' title='bbox 2084 2258 2142 2306; x_wconf 92' lang='lat' dir='ltr'>Si</span> <span class='ocrx_word' id='word_1_426' title='bbox 2178 2272 2301 2307; x_wconf 83' lang='lat' dir='ltr'>vero</span> <span class='ocrx_word' id='word_1_427' title='bbox 2320 2258 2625 2319; x_wconf 81' lang='lat' dir='ltr'>corpuscula</span> <span class='ocrx_word' id='word_1_428' title='bbox 2642 2259 2854 2321; x_wconf 58' lang='lat' dir='ltr'>easati-</span> 
     </span>
     <span class='ocr_line' id='line_1_75' title="bbox 1796 2330 2854 2399; baseline 0.006 -22"><span class='ocrx_word' id='word_1_429' title='bbox 1796 2344 1893 2379; x_wconf 87' lang='lat' dir='ltr'>one</span> <span class='ocrx_word' id='word_1_430' title='bbox 1911 2330 2316 2394; x_wconf 81' lang='lat' dir='ltr'>configuremur,</span> <span class='ocrx_word' id='word_1_431' title='bbox 2329 2340 2387 2381; x_wconf 87' lang='lat' dir='ltr'>ut</span> <span class='ocrx_word' id='word_1_432' title='bbox 2404 2335 2455 2381; x_wconf 90' lang='lat' dir='ltr'>in</span> <span class='ocrx_word' id='word_1_433' title='bbox 2479 2334 2685 2395; x_wconf 86' lang='lat' dir='ltr'>porulos</span> <span class='ocrx_word' id='word_1_434' title='bbox 2702 2348 2854 2399; x_wconf 77' lang='lat' dir='ltr'>orga-</span> 
     </span>
     <span class='ocr_line' id='line_1_76' title="bbox 1796 2406 2855 2461; baseline 0.006 -6"><span class='ocrx_word' id='word_1_435' title='bbox 1796 2406 1849 2455; x_wconf 90' lang='lat' dir='ltr'>ni</span> <span class='ocrx_word' id='word_1_436' title='bbox 1893 2407 2168 2457; x_wconf 85' lang='lat' dir='ltr'>subeuntia</span> <span class='ocrx_word' id='word_1_437' title='bbox 2200 2410 2334 2459; x_wconf 87' lang='lat' dir='ltr'>haud</span> <span class='ocrx_word' id='word_1_438' title='bbox 2368 2410 2595 2459; x_wconf 84' lang='lat' dir='ltr'>debitam</span> <span class='ocrx_word' id='word_1_439' title='bbox 2628 2411 2855 2461; x_wconf 84' lang='lat' dir='ltr'>habeant</span> 
     </span>
     <span class='ocr_line' id='line_1_77' title="bbox 1796 2482 2855 2549; baseline 0.008 -18"><span class='ocrx_word' id='word_1_440' title='bbox 1796 2497 1913 2531; x_wconf 89' lang='lat' dir='ltr'>cum</span> <span class='ocrx_word' id='word_1_441' title='bbox 1959 2482 2083 2545; x_wconf 77' lang='lat' dir='ltr'>ipsis</span> <span class='ocrx_word' id='word_1_442' title='bbox 2114 2487 2685 2549; x_wconf 78' lang='lat' dir='ltr'>commensurationem,</span> <span class='ocrx_word' id='word_1_443' title='bbox 2716 2490 2855 2541; x_wconf 83' lang='lat' dir='ltr'>unde</span> 
     </span>
     <span class='ocr_line' id='line_1_78' title="bbox 1793 2560 2852 2626; baseline 0.005 -19"><span class='ocrx_word' id='word_1_444' title='bbox 1793 2566 1853 2607; x_wconf 84' lang='lat' dir='ltr'>et</span> <span class='ocrx_word' id='word_1_445' title='bbox 1888 2560 2167 2622; x_wconf 80' lang='lat' dir='ltr'>particulas</span> <span class='ocrx_word' id='word_1_446' title='bbox 2208 2561 2444 2623; x_wconf 73' lang='lat' dir='ltr'>ejusdem</span> <span class='ocrx_word' id='word_1_447' title='bbox 2485 2568 2852 2626; x_wconf 77' lang='lat' dir='ltr'>compungant,</span> 
     </span>
     <span class='ocr_line' id='line_1_79' title="bbox 1797 2635 2857 2701; baseline 0.004 -18"><span class='ocrx_word' id='word_1_448' title='bbox 1797 2635 2096 2699; x_wconf 88' lang='lat' dir='ltr'>concidant,</span> <span class='ocrx_word' id='word_1_449' title='bbox 2140 2637 2456 2699; x_wconf 83' lang='lat' dir='ltr'>discerpant,</span> <span class='ocrx_word' id='word_1_450' title='bbox 2490 2643 2584 2685; x_wconf 88' lang='lat' dir='ltr'>aut</span> <span class='ocrx_word' id='word_1_451' title='bbox 2604 2640 2857 2701; x_wconf 70' lang='lat' dir='ltr'>asperiter</span> 
     </span>
     <span class='ocr_line' id='line_1_80' title="bbox 1795 2711 2855 2773; baseline 0.003 -14"><span class='ocrx_word' id='word_1_452' title='bbox 1795 2718 2056 2770; x_wconf 84' lang='lat' dir='ltr'>moveant,</span> <span class='ocrx_word' id='word_1_453' title='bbox 2080 2712 2305 2761; x_wconf 74' lang='lat' dir='ltr'>insuavis</span> <span class='ocrx_word' id='word_1_454' title='bbox 2330 2711 2555 2773; x_wconf 84' lang='lat' dir='ltr'>videtur,</span> <span class='ocrx_word' id='word_1_455' title='bbox 2576 2714 2684 2762; x_wconf 75' lang='lat' dir='ltr'>sive</span> <span class='ocrx_word' id='word_1_456' title='bbox 2718 2728 2855 2762; x_wconf 84' lang='lat' dir='ltr'>ama-</span> 
     </span>
     <span class='ocr_line' id='line_1_81' title="bbox 1796 2787 2862 2851; baseline 0.004 -18"><span class='ocrx_word' id='word_1_457' title='bbox 1796 2800 1905 2847; x_wconf 84' lang='lat' dir='ltr'>rus,</span> <span class='ocrx_word' id='word_1_458' title='bbox 1958 2788 2139 2850; x_wconf 77' lang='lat' dir='ltr'>salsus,</span> <span class='ocrx_word' id='word_1_459' title='bbox 2182 2787 2383 2849; x_wconf 88' lang='lat' dir='ltr'>acidus,</span> <span class='ocrx_word' id='word_1_460' title='bbox 2429 2788 2663 2850; x_wconf 86' lang='lat' dir='ltr'>acerbus,</span> <span class='ocrx_word' id='word_1_461' title='bbox 2706 2788 2862 2851; x_wconf 82' lang='lat' dir='ltr'>acris,</span> 
     </span>
     <span class='ocr_line' id='line_1_82' title="bbox 1794 2864 2856 2927; baseline 0.004 -18"><span class='ocrx_word' id='word_1_462' title='bbox 1794 2870 2002 2923; x_wconf 73' lang='lat' dir='ltr'>uetitus,</span> <span class='ocrx_word' id='word_1_463' title='bbox 2036 2869 2291 2923; x_wconf 75' lang='lat' dir='ltr'>austerus,</span> <span class='ocrx_word' id='word_1_464' title='bbox 2316 2866 2416 2913; x_wconf 61' lang='lat' dir='ltr'>&amp;tn</span> <span class='ocrx_word' id='word_1_465' title='bbox 2480 2864 2635 2913; x_wconf 85' lang='lat' dir='ltr'>Hanc</span> <span class='ocrx_word' id='word_1_466' title='bbox 2652 2865 2856 2927; x_wconf 85' lang='lat' dir='ltr'>opinio·</span> 
     </span>
     <span class='ocr_line' id='line_1_83' title="bbox 1794 2938 2855 3000; baseline 0.003 -14"><span class='ocrx_word' id='word_1_467' title='bbox 1794 2951 1933 2998; x_wconf 86' lang='lat' dir='ltr'>nem,</span> <span class='ocrx_word' id='word_1_468' title='bbox 1969 2943 2027 2987; x_wconf 88' lang='lat' dir='ltr'>ut</span> <span class='ocrx_word' id='word_1_469' title='bbox 2067 2938 2253 2987; x_wconf 72' lang='lat' dir='ltr'>multas</span> <span class='ocrx_word' id='word_1_470' title='bbox 2294 2939 2440 3000; x_wconf 84' lang='lat' dir='ltr'>alias,</span> <span class='ocrx_word' id='word_1_471' title='bbox 2474 2954 2505 2987; x_wconf 89' lang='lat' dir='ltr'>e</span> <span class='ocrx_word' id='word_1_472' title='bbox 2549 2940 2855 2989; x_wconf 85' lang='lat' dir='ltr'>Democrito</span> 
     </span>
     <span class='ocr_line' id='line_1_84' title="bbox 1797 3013 2855 3077; baseline 0.003 -14"><span class='ocrx_word' id='word_1_473' title='bbox 1797 3014 1980 3063; x_wconf 79' lang='lat' dir='ltr'>sumsit</span> <span class='ocrx_word' id='word_1_474' title='bbox 2018 3014 2308 3077; x_wconf 84' lang='lat' dir='ltr'>Epicurus;</span> <span class='ocrx_word' id='word_1_475' title='bbox 2344 3015 2431 3063; x_wconf 87' lang='lat' dir='ltr'>ille</span> <span class='ocrx_word' id='word_1_476' title='bbox 2470 3014 2603 3063; x_wconf 88' lang='lat' dir='ltr'>enim</span> <span class='ocrx_word' id='word_1_477' title='bbox 2636 3013 2855 3077; x_wconf 70' lang='lat' dir='ltr'>singulis</span> 
     </span>
     <span class='ocr_line' id='line_1_85' title="bbox 1796 3088 2856 3152; baseline 0.005 -15"><span class='ocrx_word' id='word_1_478' title='bbox 1796 3089 2065 3151; x_wconf 72' lang='lat' dir='ltr'>saporibus</span> <span class='ocrx_word' id='word_1_479' title='bbox 2088 3104 2231 3138; x_wconf 79' lang='lat' dir='ltr'>suam</span> <span class='ocrx_word' id='word_1_480' title='bbox 2255 3088 2471 3152; x_wconf 84' lang='lat' dir='ltr'>figuram</span> <span class='ocrx_word' id='word_1_481' title='bbox 2498 3088 2699 3141; x_wconf 83' lang='lat' dir='ltr'>tribuit.</span> <span class='ocrx_word' id='word_1_482' title='bbox 2753 3098 2856 3149; x_wconf 75' lang='grc' dir='ltr'>Δη·</span> 
     </span>
     <span class='ocr_line' id='line_1_86' title="bbox 1796 3162 2853 3227; baseline 0.005 -16"><span class='ocrx_word' id='word_1_483' title='bbox 1796 3162 2009 3227; x_wconf 75' lang='grc' dir='ltr'>μόκριτος</span> <span class='ocrx_word' id='word_1_484' title='bbox 2026 3162 2076 3213; x_wconf 71' lang='grc' dir='ltr'>δὲ</span> <span class='ocrx_word' id='word_1_485' title='bbox 2096 3166 2263 3226; x_wconf 77' lang='grc' dir='ltr'><strong><em>σχῆμα</em></strong></span> <span class='ocrx_word' id='word_1_486' title='bbox 2272 3163 2513 3227; x_wconf 75' lang='grc' dir='ltr'>περιτιθεὶς</span> <span class='ocrx_word' id='word_1_487' title='bbox 2528 3162 2853 3227; x_wconf 67' lang='grc' dir='ltr'>ἑκάστφ,γλν.-</span> 
     </span>
     <span class='ocr_line' id='line_1_87' title="bbox 1794 3238 2856 3304; baseline 0.002 -16"><span class='ocrx_word' id='word_1_488' title='bbox 1794 3238 1881 3288; x_wconf 76' lang='lat' dir='ltr'>stim</span> <span class='ocrx_word' id='word_1_489' title='bbox 1916 3238 2005 3299; x_wconf 80' lang='grc' dir='ltr'>μὲν</span> <span class='ocrx_word' id='word_1_490' title='bbox 2040 3238 2127 3289; x_wconf 73' lang='grc' dir='ltr'>τὸν</span> <span class='ocrx_word' id='word_1_491' title='bbox 2160 3240 2475 3304; x_wconf 69' lang='grc' dir='ltr'>στρογγύλον,</span> <span class='ocrx_word' id='word_1_492' title='bbox 2519 3240 2597 3291; x_wconf 75' lang='grc' dir='ltr'>καὶ</span> <span class='ocrx_word' id='word_1_493' title='bbox 2630 3240 2856 3303; x_wconf 68' lang='grc' dir='ltr'>εὐμεγέθη</span> 
     </span>
     <span class='ocr_line' id='line_1_88' title="bbox 1795 3314 2858 3381; baseline 0.003 -18"><span class='ocrx_word' id='word_1_494' title='bbox 1795 3318 1933 3376; x_wconf 78' lang='grc' dir='ltr'>ποιεῖ,</span> <span class='ocrx_word' id='word_1_495' title='bbox 1946 3315 2178 3379; x_wconf 66' lang='grc' dir='ltr'>στρυφνὸν</span> <span class='ocrx_word' id='word_1_496' title='bbox 2187 3314 2236 3365; x_wconf 72' lang='grc' dir='ltr'>δὲ</span> <span class='ocrx_word' id='word_1_497' title='bbox 2252 3315 2337 3365; x_wconf 77' lang='grc' dir='ltr'>τὸν</span> <span class='ocrx_word' id='word_1_498' title='bbox 2344 3314 2733 3379; x_wconf 71' lang='grc' dir='ltr'><strong><em>μεγαλόσχημον,</em></strong></span> <span class='ocrx_word' id='word_1_499' title='bbox 2746 3335 2858 3381; x_wconf 66' lang='lat' dir='ltr'>rpu-</span> 
     </span>
     <span class='ocr_line' id='line_1_89' title="bbox 1796 3388 2857 3456; baseline 0.006 -18"><span class='ocrx_word' id='word_1_500' title='bbox 1796 3388 1892 3451; x_wconf 78' lang='grc' dir='ltr'>χὺν</span> <span class='ocrx_word' id='word_1_501' title='bbox 1909 3388 1960 3439; x_wconf 78' lang='grc' dir='ltr'>δὲ</span> <span class='ocrx_word' id='word_1_502' title='bbox 1982 3389 2066 3439; x_wconf 76' lang='grc' dir='ltr'>τὸν</span> <span class='ocrx_word' id='word_1_503' title='bbox 2078 3390 2365 3451; x_wconf 71' lang='grc' dir='ltr'><strong><em>πολυγόνων</em></strong></span> <span class='ocrx_word' id='word_1_504' title='bbox 2384 3391 2461 3439; x_wconf 75' lang='grc' dir='ltr'>καὶ</span> <span class='ocrx_word' id='word_1_505' title='bbox 2478 3392 2745 3455; x_wconf 72' lang='grc' dir='ltr'>ἀπεριφερῆ·</span> <span class='ocrx_word' id='word_1_506' title='bbox 2765 3395 2857 3456; x_wconf 78' lang='grc' dir='ltr'>δρι-</span> 
     </span>
     <span class='ocr_line' id='line_1_90' title="bbox 1796 3464 2857 3530; baseline 0.003 -17"><span class='ocrx_word' id='word_1_507' title='bbox 1796 3464 1886 3525; x_wconf 77' lang='grc' dir='ltr'>μὺν</span> <span class='ocrx_word' id='word_1_508' title='bbox 1912 3464 1962 3515; x_wconf 71' lang='grc' dir='ltr'>δὲ</span> <span class='ocrx_word' id='word_1_509' title='bbox 1982 3464 2070 3514; x_wconf 72' lang='grc' dir='ltr'>τὸν</span> <span class='ocrx_word' id='word_1_510' title='bbox 2096 3469 2334 3530; x_wconf 74' lang='grc' dir='ltr'>περιφερῆ,</span> <span class='ocrx_word' id='word_1_511' title='bbox 2356 3468 2432 3516; x_wconf 74' lang='grc' dir='ltr'>καὶ</span> <span class='ocrx_word' id='word_1_512' title='bbox 2446 3468 2639 3529; x_wconf 75' lang='grc' dir='ltr'><strong><em>λεπτὸν,</em></strong></span> <span class='ocrx_word' id='word_1_513' title='bbox 2660 3468 2739 3519; x_wconf 75' lang='grc' dir='ltr'>καὶ</span> <span class='ocrx_word' id='word_1_514' title='bbox 2762 3484 2857 3529; x_wconf 60' lang='grc' dir='ltr'>’γυ-</span> 
     </span>
     <span class='ocr_line' id='line_1_91' title="bbox 1796 3542 2857 3607; baseline 0.001 -16"><span class='ocrx_word' id='word_1_515' title='bbox 1796 3544 1961 3604; x_wconf 55' lang='lat' dir='ltr'>voerta,</span> <span class='ocrx_word' id='word_1_516' title='bbox 1980 3542 2059 3591; x_wconf 79' lang='grc' dir='ltr'>καὶ</span> <span class='ocrx_word' id='word_1_517' title='bbox 2087 3543 2348 3603; x_wconf 79' lang='grc' dir='ltr'><strong><em>καμπύλον·</em></strong></span> <span class='ocrx_word' id='word_1_518' title='bbox 2372 3543 2580 3607; x_wconf 73' lang='grc' dir='ltr'>ἁλμυρὸν</span> <span class='ocrx_word' id='word_1_519' title='bbox 2595 3543 2645 3595; x_wconf 71' lang='grc' dir='ltr'>δὲ</span> <span class='ocrx_word' id='word_1_520' title='bbox 2657 3544 2744 3593; x_wconf 72' lang='grc' dir='ltr'>τὸν</span> <span class='ocrx_word' id='word_1_521' title='bbox 2760 3562 2857 3605; x_wconf 73' lang='grc' dir='ltr'>γω-</span> 
     </span>
     <span class='ocr_line' id='line_1_92' title="bbox 1799 3617 2856 3684; baseline 0.005 -18"><span class='ocrx_word' id='word_1_522' title='bbox 1799 3621 1946 3676; x_wconf 72' lang='grc' dir='ltr'><strong><em>νοειδῆ</em></strong></span> <span class='ocrx_word' id='word_1_523' title='bbox 1958 3618 2037 3667; x_wconf 73' lang='grc' dir='ltr'>καὶ</span> <span class='ocrx_word' id='word_1_524' title='bbox 2056 3617 2266 3680; x_wconf 80' lang='grc' dir='ltr'>σκόλιον,</span> <span class='ocrx_word' id='word_1_525' title='bbox 2283 3618 2361 3669; x_wconf 76' lang='grc' dir='ltr'>καὶ</span> <span class='ocrx_word' id='word_1_526' title='bbox 2374 3618 2616 3678; x_wconf 81' lang='grc' dir='ltr'>ι’σοσκελῆ·</span> <span class='ocrx_word' id='word_1_527' title='bbox 2630 3620 2794 3684; x_wconf 76' lang='grc' dir='ltr'>πικρὸν</span> <span class='ocrx_word' id='word_1_528' title='bbox 2802 3620 2856 3671; x_wconf 82' lang='grc' dir='ltr'>δὲ</span> 
     </span>
     <span class='ocr_line' id='line_1_93' title="bbox 1796 3694 2855 3763; baseline 0.003 -20"><span class='ocrx_word' id='word_1_529' title='bbox 1796 3695 1881 3743; x_wconf 76' lang='grc' dir='ltr'>τὸν</span> <span class='ocrx_word' id='word_1_530' title='bbox 1896 3697 2131 3758; x_wconf 73' lang='grc' dir='ltr'>περιφερῆ,</span> <span class='ocrx_word' id='word_1_531' title='bbox 2148 3695 2226 3743; x_wconf 78' lang='grc' dir='ltr'>καὶ</span> <span class='ocrx_word' id='word_1_532' title='bbox 2245 3695 2380 3745; x_wconf 72' lang='grc' dir='ltr'><strong><em>λείαν</em></strong></span> <span class='ocrx_word' id='word_1_533' title='bbox 2411 3694 2587 3763; x_wconf 64' lang='grc' dir='ltr'><strong><em>ἔχοντο,</em></strong></span> <span class='ocrx_word' id='word_1_534' title='bbox 2606 3697 2855 3756; x_wconf 67' lang='grc' dir='ltr'><strong><em>σκολιόν-η-</em></strong></span> 
     </span>
     <span class='ocr_line' id='line_1_94' title="bbox 1797 3768 2857 3844; baseline 0.007 -28"><span class='ocrx_word' id='word_1_535' title='bbox 1797 3786 1877 3829; x_wconf 75' lang='grc' dir='ltr'>τα,</span> <span class='ocrx_word' id='word_1_536' title='bbox 1891 3768 2087 3831; x_wconf 76' lang='grc' dir='ltr'><strong><em>μέγεθος</em></strong></span> <span class='ocrx_word' id='word_1_537' title='bbox 2103 3768 2154 3819; x_wconf 77' lang='grc' dir='ltr'>δὲ</span> <span class='ocrx_word' id='word_1_538' title='bbox 2165 3770 2343 3844; x_wconf 69' lang='grc' dir='ltr'>μικρᾷν·</span> <span class='ocrx_word' id='word_1_539' title='bbox 2360 3772 2562 3836; x_wconf 80' lang='grc' dir='ltr'>Λιπαρὸν</span> <span class='ocrx_word' id='word_1_540' title='bbox 2578 3772 2628 3823; x_wconf 71' lang='grc' dir='ltr'>δὲ</span> <span class='ocrx_word' id='word_1_541' title='bbox 2642 3774 2725 3823; x_wconf 68' lang='grc' dir='ltr'>τὸν</span> <span class='ocrx_word' id='word_1_542' title='bbox 2736 3784 2857 3823; x_wconf 76' lang='grc' dir='ltr'>λεπ-</span> 
     </span>
     <span class='ocr_line' id='line_1_95' title="bbox 1796 3844 2858 3911; baseline 0.007 -19"><span class='ocrx_word' id='word_1_543' title='bbox 1796 3844 1897 3906; x_wconf 74' lang='grc' dir='ltr'><strong><em>τὸν,</em></strong></span> <span class='ocrx_word' id='word_1_544' title='bbox 1931 3844 2008 3893; x_wconf 74' lang='grc' dir='ltr'>καὶ</span> <span class='ocrx_word' id='word_1_545' title='bbox 2026 3845 2343 3909; x_wconf 62' lang='grc' dir='ltr'><strong><em>πρηγύλον,</em></strong></span> <span class='ocrx_word' id='word_1_546' title='bbox 2364 3847 2443 3897; x_wconf 74' lang='grc' dir='ltr'>καὶ</span> <span class='ocrx_word' id='word_1_547' title='bbox 2460 3848 2639 3911; x_wconf 79' lang='grc' dir='ltr'>μικρόν.</span> <span class='ocrx_word' id='word_1_548' title='bbox 2684 3851 2735 3899; x_wconf 83' lang='lat' dir='ltr'>T</span> <span class='ocrx_word' id='word_1_549' title='bbox 2734 3851 2858 3899; x_wconf 78' lang='lat' dir='ltr'>heo·</span> 
     </span>
     <span class='ocr_line' id='line_1_96' title="bbox 1799 3921 2855 3984; baseline 0.007 -15"><span class='ocrx_word' id='word_1_550' title='bbox 1799 3922 2033 3984; x_wconf 86' lang='lat' dir='ltr'>phrastus</span> <span class='ocrx_word' id='word_1_551' title='bbox 2049 3921 2113 3969; x_wconf 88' lang='lat' dir='ltr'>de</span> <span class='ocrx_word' id='word_1_552' title='bbox 2134 3923 2311 3972; x_wconf 81' lang='lat' dir='ltr'>Causis</span> <span class='ocrx_word' id='word_1_553' title='bbox 2327 3924 2501 3975; x_wconf 81' lang='lat' dir='ltr'>Plant.</span> <span class='ocrx_word' id='word_1_554' title='bbox 2516 3930 2564 3975; x_wconf 86' lang='lat'>6.</span> <span class='ocrx_word' id='word_1_555' title='bbox 2582 3930 2633 3975; x_wconf 81' lang='lat'>2.</span> <span class='ocrx_word' id='word_1_556' title='bbox 2660 3928 2855 3976; x_wconf 73' lang='lat' dir='ltr'>Creeclu.</span> 
     </span>
    </p>

    <p class='ocr_par' dir='ltr' id='par_1_11' title="bbox 1796 3997 2858 4212">
     <span class='ocr_line' id='line_1_97' title="bbox 1861 3997 2858 4062; baseline 0.007 -19"><span class='ocrx_word' id='word_1_557' title='bbox 1861 4000 1959 4045; x_wconf 84' lang='lat'>620</span> <span class='ocrx_word' id='word_1_558' title='bbox 1996 3997 2112 4045; x_wconf 76' lang='lat' dir='ltr'>Plus</span> <span class='ocrx_word' id='word_1_559' title='bbox 2146 3998 2417 4062; x_wconf 74' lang='lat' dir='ltr'>aperuique]</span> <span class='ocrx_word' id='word_1_560' title='bbox 2450 3999 2535 4049; x_wconf 80' lang='lat' dir='ltr'>lta</span> <span class='ocrx_word' id='word_1_561' title='bbox 2568 4001 2621 4049; x_wconf 89' lang='lat' dir='ltr'>in</span> <span class='ocrx_word' id='word_1_562' title='bbox 2658 4009 2760 4049; x_wconf 86' lang='lat' dir='ltr'>vet.</span> <span class='ocrx_word' id='word_1_563' title='bbox 2800 4000 2858 4051; x_wconf 89' lang='lat' dir='ltr'>li-</span> 
     </span>
     <span class='ocr_line' id='line_1_98' title="bbox 1796 4072 2854 4139; baseline 0.007 -18"><span class='ocrx_word' id='word_1_564' title='bbox 1796 4072 1917 4122; x_wconf 83' lang='lat' dir='ltr'>bris.</span> <span class='ocrx_word' id='word_1_565' title='bbox 1982 4074 2267 4125; x_wconf 81' lang='lat' dir='ltr'>Marullus:</span> <span class='ocrx_word' id='word_1_566' title='bbox 2299 4078 2407 4139; x_wconf 76' lang='lat' dir='ltr'>plus</span> <span class='ocrx_word' id='word_1_567' title='bbox 2425 4079 2601 4139; x_wconf 71' lang='lat' dir='ltr'>operui.</span> <span class='ocrx_word' id='word_1_568' title='bbox 2646 4078 2854 4128; x_wconf 84' lang='lat' dir='ltr'>Lambi-</span> 
     </span>
     <span class='ocr_line' id='line_1_99' title="bbox 1796 4150 2584 4212; baseline 0.01 -17"><span class='ocrx_word' id='word_1_569' title='bbox 1796 4162 1922 4196; x_wconf 87' lang='lat' dir='ltr'>nus:</span> <span class='ocrx_word' id='word_1_570' title='bbox 1956 4150 2146 4211; x_wconf 76' lang='lat' dir='ltr'>plusque</span> <span class='ocrx_word' id='word_1_571' title='bbox 2167 4151 2341 4212; x_wconf 75' lang='lat' dir='ltr'>operui.</span> <span class='ocrx_word' id='word_1_572' title='bbox 2408 4150 2584 4203; x_wconf 78' lang='lat' dir='ltr'>Gifan·</span> 
     </span>
    </p>

    <p class='ocr_par' dir='ltr' id='par_1_12' title="bbox 1860 4226 2855 4291">
     <span class='ocr_line' id='line_1_100' title="bbox 1860 4226 2855 4291; baseline 0.005 -20"><span class='ocrx_word' id='word_1_573' title='bbox 1860 4227 1959 4275; x_wconf 76' lang='lat'>623</span> <span class='ocrx_word' id='word_1_574' title='bbox 1996 4226 2338 4288; x_wconf 70' lang='lat' dir='ltr'>Exsiccareque</span> <span class='ocrx_word' id='word_1_575' title='bbox 2394 4227 2557 4291; x_wconf 78' lang='lat' dir='ltr'>coepr&#39;t]</span> <span class='ocrx_word' id='word_1_576' title='bbox 2600 4228 2729 4281; x_wconf 79' lang='lat' dir='ltr'>Cum</span> <span class='ocrx_word' id='word_1_577' title='bbox 2784 4242 2855 4276; x_wconf 77' lang='lat' dir='ltr'>ex</span> 
     </span>
    </p>
   </div>
   <div class='ocr_carea' id='block_1_11' title="bbox 3150 4364 3162 4920">
    <p class='ocr_par' dir='ltr' id='par_1_13' title="bbox 3150 4364 3162 4920">
     <span class='ocr_line' id='line_1_101' title="bbox 3150 4364 3162 4920; baseline 0 0"><span class='ocrx_word' id='word_1_578' title='bbox 3150 4364 3162 4920; x_wconf 95' lang='lat' dir='ltr'> </span> 
     </span>
    </p>
   </div>
  </div>
 </body>
</html>
