3200 4959
546 465 615 515 Τ.
664 462 1027 513 Luonnvu
1072 464 1251 513 CAR!
1304 466 1403 515 DE
1458 466 1718 515 RERUM
1767 468 1942 516 NAT.
1993 468 2134 517 [2113.
2181 470 2284 517 Vl·

346 604 469 658 mox
490 608 545 657 in
582 607 861 671 ipsummet
883 618 1085 657 versum
1120 606 1329 671 irrupit,
1352 614 1411 657 ut

346 686 539 749 ubique
582 692 756 733 actum
782 699 892 733 esse
910 685 1148 747 exempla
1168 684 1407 748 probant.

346 761 491 809 Hinc
532 768 708 809 autem
746 774 863 807 cnm
896 758 1097 823 longior
1129 774 1277 823 aequo
1302 773 1411 809 ver·

346 850 434 885 sus
472 836 743 895 evasisset,
765 844 947 883 cetera
986 848 1078 897 pro
1109 835 1317 899 iugenio
1353 835 1411 883 li·

344 910 633 959 brariorum
670 916 826 973 torta,
865 908 1074 959 detorta
1115 906 1295 970 fuere3
1350 915 1411 960 ut

340 1002 464 1038 mox
485 986 778 1050 apparebit.
844 988 906 1035 ln
929 986 1207 1040 secundum
1236 992 1409 1036 autem

340 1077 463 1112 cum
496 1062 622 1111 illud
642 1064 658 1088 ‘
677 1062 905 1126 quoque’
945 1059 1025 1125 (id
1063 1062 1238 1125 negari
1275 1062 1409 1111 haud

342 1138 545 1205 potest)
565 1140 856 1201 migrasset,
880 1146 1058 1188 cetera
1100 1140 1225 1189 item
1260 1144 1409 1189 tanta

342 1214 465 1264 labe
497 1220 743 1263 contacta
778 1213 1011 1275 fuerunt,
1055 1222 1115 1265 ut
1149 1215 1202 1264 in
1252 1216 1408 1265 tertio

338 1290 659 1339 soloecismus
682 1296 902 1352 repente
927 1296 1113 1339 enatus
1144 1290 1231 1339 sit.
1270 1290 1408 1353 Lego

338 1367 540 1431 itaque,
578 1367 640 1415 Iu
681 1366 829 1430 Syria
869 1380 1047 1431 quoque
1087 1368 1254 1427 ,fertur
1290 1368 1408 1417 item

339 1442 557 1503 spelunca
588 1440 741 1489 videri
768 1442 1131 1508 Quadrupedum
1161 1458 1249 1505 quo
1270 1443 1409 1491 σαι-ἴα

338 1517 481 1570 simia
500 1516 703 1579 vestig-ia
731 1516 889 1579 prima
912 1516 1170 1565 intulerint
1188 1518 1409 1578 graviter

339 1592 417 1643 vis
448 1598 587 1653 cogat
620 1593 859 1641 concidere
878 1593 997 1655 ipsu,
1021 1592 1243 1642 Manibus
1273 1598 1329 1641 ut
1360 1592 1405 1642 si

338 1670 440 1719 sint
482 1671 608 1719 divis
652 1676 862 1719 metata
909 1676 1119 1735 repente.
1186 1671 1407 1734 Elegan-

342 1747 504 1795 tiores
539 1742 786 1809 homines,
810 1747 853 1795 si
876 1760 985 1796 rem
1025 1746 1309 1810 diligenter
1330 1760 1407 1795 se-

340 1820 569 1885 duloque
606 1822 945 1885 inspexerint,
984 1820 1121 1869 hanc
1160 1827 1409 1883 nostram,

344 1914 517 1961 spero,
539 1898 950 1960 emendationem
979 1913 1081 1948 non
1108 1899 1261 1961 plane
1285 1912 1405 1947 con-

343 1974 669 2023 temnendam
695 1990 808 2024 esse
846 1974 1255 2024 arbitrabuntur.
1290 1973 1409 2024 Fal».

344 2050 539 2099 Forsan
564 2050 745 2098 melius
768 2051 977 2112 legatur
1008 2050 1163 2099 Locus
1198 2064 1313 2111 esse,
1338 2049 1408 2097 vi-

337 2131 507 2187 gentes
527 2126 861 2189 Quadrupedes
878 2140 1070 2189 quoque,
1090 2128 1170 2187 qv.
1200 2124 1215 2153 ⁴
1237 2124 1408 2173 Locus

342 2200 497 2262 esse,'
515 2208 573 2250 ut
597 2216 671 2251 vs.
688 2205 803 2250 547.
837 2203 853 2230 ‘
878 2200 1037 2265 Apud
1060 2200 1245 2251 Cumas
1264 2200 1409 2249 locus

342 2284 425 2327 est
441 2278 476 2327 ε’
508 2278 613 2328 ista
635 2285 811 2328 autem
826 2293 926 2327 vox
939 2292 1114 2341 quoque
1132 2291 1231 2326 non
1247 2276 1410 2325 otioso

342 2360 439 2415 est,
463 2369 575 2404 nam
609 2356 708 2403 iste
728 2355 779 2404 in
804 2356 956 2417 Syria
979 2356 1123 2403 locus
1155 2360 1259 2401 tam
1284 2367 1407 2416 qua·

294 2464 297 2467 -
342 2429 661 2493 drupedibus
683 2444 836 2494 quam
878 2429 1059 2479 avibus
1096 2429 1317 2477 noxius:
1352 2428 1405 2476 in

342 2506 499 2573 tertio
547 2520 667 2555 vero
707 2519 857 2555 versu
892 2504 1067 2569 ‘ipse’
1089 2518 1207 2553 cum
1250 2504 1267 2532 ‘
1290 2502 1407 2553 vis’

342 2584 587 2647 conjungi
612 2588 805 2646 potest.
857 2582 974 2631 Vid.
994 2581 1301 2631 Strabonem
1314 2579 1405 2629 lib.

344 2663 426 2708 18.
446 2658 513 2708 de
537 2658 798 2708 Plutonio.
842 2657 1047 2722 -Creeelu
1116 2656 1287 2705 Mults
1309 2655 1407 2703 Fa·-

342 2736 458 2799 ber,
492 2742 665 2799 acuta,
688 2741 747 2786 ut
768 2736 923 2797 solet,
945 2735 1039 2784 'sed
1074 2741 1129 2783 et
1147 2735 1351 2797 lougius
1376 2746 1409 2782 a

343 2812 477 2862 Mss.
526 2813 743 2861 remota}
810 2810 932 2860 Sola
975 2808 1151 2860 forsan
1196 2809 1411 2859 distino-

343 2888 485 2938 tione
504 2888 649 2938 loeus
663 2888 835 2951 juvari
862 2887 1075 2951 poterit,
1097 2887 1139 2935 si
1158 2886 1230 2935 ita
1248 2886 1408 2934 inter-

342 2978 559 3027 pungas,
605 2962 665 3011 In
708 2962 859 3025 Syria
890 2976 1063 3024 quoque
1092 2962 1259 3019 fertur
1292 2962 1408 3010 item

340 3040 467 3087 locus
488 3051 603 3097 esse,
620 3036 776 3085 videri
800 3036 1157 3099 Quadrupedes,
1188 3036 1271 3095 ⁸1⁴⁶·
1294 3033 1331 3083 i.
1355 3048 1403 3082 e.

342 3113 430 3163 ubi
457 3111 619 3161 videri
646 3118 861 3175 possunt
894 3109 1258 3175 quadrupedes
1278 3108 1407 3174 (avi-

340 3190 438 3239 bus
472 3195 617 3238 tanto
656 3184 1001 3251 robustiores)
1022 3200 1051 3235 e
1076 3186 1293 3249 vestigio
1316 3198 1407 3248 pe·

344 3264 469 3328 rire,
490 3272 548 3315 et
580 3272 639 3313 ut
660 3262 825 3329 (quod
866 3261 1187 3325 subintelligi
1220 3257 1407 3324 debet)

340 3340 459 3405 ipsa
481 3341 559 3389 vis
580 3345 737 3402 cogat
756 3352 843 3388 eos
860 3337 1005 3401 gravi
1022 3352 1145 3387 casu
1168 3336 1404 3399 procide-

342 3430 421 3481 re,
468 3417 855 3481 tanquam,&e.
891 3414 1071 3464 Fertur
1112 3426 1211 3461 esse
1253 3410 1406 3472 dixit,

342 3500 403 3543 ut
438 3494 574 3542 Ms‘s.
615 3493 795 3553 legunt
832 3488 928 3539 inf.
977 3504 1049 3540 vs.
1090 3492 1202 3539 848.
1235 3488 1252 3518 ‘
1276 3488 1407 3537 Esse

340 3567 483 3632 apu’d
508 3566 793 3630 Ammonis,
814 3569 913 3615 dcc.
934 3564 1133 3614 fertur?
1164 3562 1297 3613 Hau.

406 3648 507 3693 ⁷5⁷
546 3632 884 3705 Quadrupedes
924 3654 1099 3703 quoque
1150 3654 1256 3703 quo,
1301 3640 1407 3703 &ct-J

342 3718 530 3769 videri
566 3724 739 3782 posset
770 3716 1005 3779 gradatio
1039 3716 1279 3781 qnaedsm
1314 3729 1408 3764 seu

344 3796 685 3860 exaggeratio
730 3808 900 3844 rerum
939 3794 1025 3843 liic
1069 3792 1202 3855 fieri,
1243 3791 1407 3856 qualis

345 3872 709 3921 admirantium
724 3871 808 3919 vel
826 3869 1217 3919 admirationem
1230 3869 1283 3916 in
1293 3868 1407 3919 aliis

346 3934 687 3997 escitantium
709 3943 821 3994 t'ere
860 3952 957 3995 est.
1024 3944 1197 4009 Atque
1222 3938 1297 3992 ita'
1320 3956 1405 3991 ne-

346 4036 444 4085 que
464 4022 669 4083 ingrata
690 4034 856 4085 neque
878 4018 1139 4083 superflua
1149 4017 1287 4069 foret
1305 4018 1409 4068 ists

346 4096 489 4145 vocis
510 4110 687 4159 quoque
702 4094 965 4159 repetitio.
997 4094 1015 4121 ‘
1032 4094 1096 4143 In
1112 4093 1259 4157 Syris
1281 4106 1407 4157 quo-

347 4164 485 4235 que:
522 4170 899 4233 Quadrupedes
912 4166 1153 4234 quoque,’
1172 4170 1269 4217 &c.
1302 4167 1408 4217 Sed

346 4246 498 4309 plura
520 4260 550 4294 a
570 4244 745 4299 Fabro
779 4258 883 4293 nou
922 4244 988 4295 de
1024 4242 1181 4294 nihilo
1202 4257 1408 4294 moven-

346 4329 433 4370 tur
455 4321 708 4379 adversus
729 4323 989 4385 vulgatum
1022 4320 1322 4383 lectionem,
1340 4319 1407 4368 de

2369 454 2544 521 1667

1485 610 1668 674 quibus
1692 610 1999 661 eruditiores
2012 612 2270 675 judicent.
2339 615 2510 677 Preig.
2537 664 2544 671 ,

1548 692 1646 736 758
1683 688 1940 739 Concidere
1978 690 2102 753 ipsa]
2138 692 2310 741 Mutat
2349 707 2542 755 genus:

1485 762 1974 827 subintelligendum
2012 766 2149 815 enim
2203 774 2284 815 est
2323 766 2546 817 ‘anima-

1484 834 1593 896 lis,’
1639 842 1730 885 sut
1764 837 1956 901 aliquid
1999 839 2182 889 simile.
2223 841 2298 889 sic
2337 856 2452 905 sup.
2493 846 2541 890 1.

1486 914 1602 962 353.
1670 914 1686 940 ⁸
1713 912 1863 963 Quod
1889 912 2036 963 cibus
2060 914 2112 963 in
2136 920 2270 965 totas
2293 931 2454 981 usque
2476 918 2540 966 ab

1486 986 1698 1036 radicib.
1743 988 1891 1049 imis,’
1925 993 2024 1039 &m
2073 990 2140 1039 sd
2187 1007 2336 1055 quem
2374 994 2542 1043 locum

1486 1062 1651 1125 plura.
1692 1071 1746 1112 et
1785 1078 1942 1126 supra
1983 1065 2080 1114 hoe
2123 1067 2304 1115 eodem
2342 1068 2432 1117 lib.
2470 1082 2546 1119 vs.

1483 1142 1599 1189 214.
1633 1140 1650 1168 ⁴
1677 1141 1811 1188 Nam
1847 1155 1962 1189 cum
1987 1148 2175 1190 ventus
2201 1155 2290 1190 ess
2321 1142 2544 1206 leviter,’

1484 1219 1583 1265 &m
1616 1216 2105 1279 subintelligendum
2147 1217 2386 1278 ‘nubes,'
2425 1233 2542 1268 cum

1482 1291 1762 1341 antecedat
1784 1306 1882 1340 vox
1903 1294 1918 1321 ‘
1941 1290 2156 1341 nubila!
2187 1293 2355 1342 Lamb.

1548 1370 1646 1415 759
1678 1368 1905 1416 Manibus
1941 1373 1994 1416 ut
2021 1368 2065 1416 si
2102 1370 2198 1417 sint
2219 1369 2388 1433 Divis]
2419 1368 2544 1418 Pro·

1485 1442 1602 1491 inde
1627 1458 1690 1493 ac
1709 1444 1750 1492 si
1772 1443 1875 1491 sint
1898 1444 2016 1491 Diis
2051 1443 2294 1493 Manibus
2320 1452 2540 1507 repente

1484 1520 1764 1569 immolata.
1829 1520 1994 1569 Lamb.

1548 1598 1646 1643 ⁷62
1676 1596 1837 1643 Jamm
1876 1610 1936 1643 ne
1972 1595 2130 1657 potius
2159 1594 2235 1645 his
2277 1594 2416 1657 Orci]
2452 1596 2540 1645 Ita

1484 1683 1548 1719 ex
1559 1676 1792 1719 veterum
1816 1670 2060 1720 librorum
2089 1671 2316 1735 vestigiis
2340 1672 2542 1734 scripsi.

1486 1744 1640 1810 Vulg.
1662 1747 1818 1809 potius
1838 1747 1970 1796 Orci.
2004 1744 2181 1795 Gifan.

1545 1823 1706 1870 Janua
1737 1836 1796 1871 ne
1817 1822 1892 1870 his
1918 1821 2036 1870 Orci
2051 1823 2208 1884 potius
2245 1821 2540 1885 regionibus]

1482 1896 1530 1945 1.
1554 1909 1600 1947 e.
1624 1898 1720 1946 hoe
1751 1897 1888 1958 dico,
1911 1911 2094 1959 nempe
2117 1898 2229 1945 liaec
2251 1897 2424 1946 omnia
2451 1911 2541 1945 na-

1485 1972 1640 2020 turali
1666 1973 1864 2021 ratione
1905 1972 2031 2033 geri,
2062 1980 2115 2021 et
2139 1986 2347 2020 causam
2383 1987 2540 2035 appa·

1485 2062 1621 2111 rere,
1646 2047 1976 2111 quamobrem
1999 2046 2126 2096 fiant
2147 2064 2160 2096 ε
2198 2062 2264 2095 ne
2294 2046 2429 2095 forte
2452 2062 2542 2110 po·

1484 2124 1586 2173 tius
1610 2124 1737 2174 Orci
1753 2122 1914 2186 janua
1935 2122 2182 2172 credatur
2217 2123 2295 2172 his
2319 2123 2542 2185 regioni·

1483 2200 1579 2249 bus
1615 2214 1728 2249 esse
1763 2201 1967 2264 posita:
2005 2206 2063 2249 ut
2102 2200 2254 2262 vulgo
2291 2199 2541 2249 creditur.

1482 2274 1656 2325 Aliter
1677 2276 1874 2337 Zoilus,
1897 2276 1984 2323 sed
2021 2289 2121 2323 non
2159 2281 2319 2325 recte.
2384 2274 2542 2322 Plau·

1484 2358 1566 2399 tus
1607 2350 1660 2399 in
1701 2350 2016 2413 Trinummo,
2046 2355 2094 2400 2.
2121 2354 2172 2399 4.
2197 2354 2312 2400 124.
2333 2350 2349 2377 ‘
2369 2349 2541 2399 Ache-

1483 2426 1650 2487 runtis
1693 2426 1879 2476 ostium
1924 2426 1976 2476 iu
2022 2433 2202 2476 nostro
2252 2433 2333 2476 est
2377 2426 2542 2490 agro?

1544 2583 1642 2630 ‘163
1679 2580 1914 2629 Credatur
1948 2580 2108 2643 posta]
2142 2582 2226 2631 Its
2263 2582 2539 2649 Marullus,

1476 2656 1654 2717 posita.
1687 2655 1841 2717 Vulg.
1877 2662 1982 2718 post
2018 2657 2170 2715 hune-,⁸
2207 2660 2341 2707 male
2367 2659 2536 2723 Gilua,

1480 2732 1568 2780 Sic
1611 2731 1817 2779 restitui
1867 2740 1986 2794 post
2039 2733 2338 2782 Marullum.
2374 2748 2540 2798 neque

1484 2820 1604 2873 vero
1638 2805 1850 2858 dubium
1883 2816 1983 2868 est,
2004 2808 2128 2871 quin
2153 2808 2228 2857 ita
2264 2809 2332 2857 sit
2364 2808 2543 2871 legen·-

1482 2879 1624 2931 dum.
1652 2886 1790 2944 posta
1827 2889 2016 2943 autem,
2048 2883 2084 2931 i.
2111 2898 2156 2932 e.
2199 2884 2386 2945 posita,
2423 2884 2541 2933 sits.

1482 2958 1622 3019 quod
1641 2957 1876 3021 probavit
1895 2958 2103 3011 Zoilus:
2139 2973 2256 3007 nam
2283 2960 2435 3023 vulgo
2470 2960 2542 3007 le·

1482 3033 1622 3097 gitur
1671 3036 1902 3097 posthinc.
1983 3034 2162 3086 Lamb.
2243 3034 2357 3084 lmo
2410 3034 2540 3084 illud

1476 3110 1695 3171 posthinc
1712 3110 1847 3160 haud
1869 3112 1944 3159 its
1965 3112 2098 3163 male
2130 3111 2250 3160 huie
2272 3112 2384 3159 loco
2417 3126 2540 3159 con·

1483 3185 1646 3249 venit,
1682 3200 1745 3237 ao
1783 3185 2060 3237 Lambinus
2100 3195 2272 3248 putat.
2338 3187 2438 3235 Sed
2470 3201 2539 3237 ne

1480 3264 1604 3326 quid
1623 3262 1954 3320 dissimulem,
1971 3263 2310 3311 totumloeum
2327 3276 2393 3311 ex
2412 3264 2542 3315 Mss.

1480 3337 1716 3400 vestigiis
1751 3337 1824 3385 ita
1862 3336 2138 3399 legendum
2177 3344 2333 3399 atque
2377 3337 2539 3386 inter·

1482 3412 1814 3477 pungendum
1865 3426 1979 3459 esse
2019 3425 2238 3462 censeo:
2276 3412 2439 3461 denua
2479 3427 2539 3462 ue

1476 3490 1636 3551 puteis
1675 3488 1792 3554 Oret'
1824 3488 2096 3550 reg-ionibus
2133 3502 2230 3536 esse
2272 3488 2505 3538 Credatur
2519 3504 2538 3537 .·

1476 3564 1692 3626 munim
1711 3566 1894 3614 animas
1911 3564 2198 3613 Acheruntis
2229 3564 2282 3611 in
2302 3578 2410 3612 oras
2429 3564 2536 3613 Du.-

1480 3640 1730 3700 eeresorte
1764 3642 1896 3690 Deos
1917 3641 2090 3691 Manes
2121 3640 2302 3701 inferne
2333 3655 2537 3694 reamur.

1484 3716 1519 3765 i.
1540 3730 1593 3776 e,
1617 3731 1686 3765 ue
1708 3716 2056 3767 existimemus
2091 3716 2149 3765 in
2181 3716 2281 3765 illis
2317 3715 2538 3776 regioni-

1484 3791 1579 3841 bus
1603 3792 1936 3854 spiraculum,
1957 3798 2012 3841 et
2049 3792 2194 3855 quasi
2232 3790 2539 3839 vestibulum

1482 3866 1567 3931 (ut
1588 3868 1818 3931 loquitur
1847 3866 2079 3917 Turneb.
2102 3868 2187 3917 cui
2221 3868 2332 3915 haec
2371 3880 2544 3917 emen·

1486 3943 1630 3994 datio
1649 3944 1806 3993 etiam
1830 3945 1880 3991 in
1898 3951 2122 3993 mentem
2149 3944 2289 3997 venit
2303 3943 2442 3995 Λᾶν.
2462 3948 2539 3993 19.

1483 4022 1568 4068 24.
1609 4027 1664 4067 et
1685 4024 1766 4069 22.
1805 4017 1912 4082 19.)
1936 4026 2212 4082 puteorum
2246 4018 2368 4066 Orci
2408 4033 2540 4080 esse,

1483 4100 1640 4157 atque
1664 4094 1796 4143 adeo
1815 4092 2124 4144 AEstuarium
2148 4093 2402 4158 quoddam
2422 4112 2437 4158 ;
2471 4096 2540 4145 ad

1488 4168 1623 4233 quod
1659 4182 1812 4232 quum
1838 4169 2057 4229 veneris,
2083 4170 2182 4219 nisi
2224 4168 2317 4218 tibi
2353 4184 2543 4223 caveas.

1485 4242 1604 4293 vide
1627 4258 1693 4293 ne
1713 4244 1906 4308 (inquit
1941 4242 2136 4308 Poeta)
2157 4244 2333 4294 subito
2370 4244 2540 4295 Orcus

1483 4319 1577 4368 tibi
1603 4320 1764 4383 pedes
1786 4319 1962 4382 ducat,
1987 4324 2139 4384 atque
2166 4318 2382 4371 mirifico
2403 4320 2538 4371 saltu
