3200 4959
590 424 765 493 1⁷40
1261 438 1655 490 ascensus
1703 438 2138 489 nntrrouun

680 596 835 659 1795
876 586 1114 666 Lipsiae‚
1158 606 1299 649 cum
1326 586 1586 648 versione
1629 588 1988 649 Germanica
2013 594 2076 646 et
2101 584 2256 646 notis
2281 588 2378 647 Jo.
2411 586 2596 646 Henr.
2625 584 2792 645 Frid.

594 684 887 747 Meineke.
912 692 971 745 8.
1000 693 1036 745 2
1060 684 1491 745 voll.-Versio
1508 692 1600 743 est
1628 670 1866 745 metrica
1889 684 1950 743 in
1979 701 2194 765 genere
2213 682 2476 742 heroico.
2515 678 2794 743 Praefixae

590 789 730 843 sunt
751 781 889 841 dure
916 780 1446 841 commentationes
1471 779 1550 839 de
1579 780 1844 858 Epicuro
1871 787 1932 838 et
1957 776 2254 839 Lucretio.

678 875 834 948 1796
858 885 919 935 et
952 882 1104 947 1797
1144 874 1219 935 Τ.
1262 874 1523 937 Lucretii
1550 875 1690 935 Gari
1735 874 1812 935 de
1853 893 2044 933 rerum
2086 880 2292 933 natura
2325 872 2512 932 libros
2539 890 2669 941 sex,
2711 868 2796 929 ad

592 971 1013 1049 exemplarium
1042 972 1195 1031 Mss.
1226 968 1405 1031 fidem
1431 969 1777 1040 recensitos,
1815 969 2004 1047 longe
2045 967 2469 1029 emendatiores
2512 964 2796 1029 reddidit.

594 1066 1025 1127 commentariis
1054 1066 1351 1144 perpetuis
1379 1065 1713 1136 illustravit,
1752 1064 2046 1124 indicibus
2071 1064 2366 1134 instruxit,
2407 1072 2469 1122 et
2495 1082 2634 1123 cum
2661 1060 2791 1123 ani·-

596 1160 1099 1227 madsersionibus
1141 1160 1387 1223 Ricatdi
1433 1160 1700 1233 Bentleii,
1741 1178 1860 1219 non
1902 1168 2038 1219 ante
2068 1160 2339 1237 vulgatis,
2379 1158 2628 1219 aliorum
2655 1157 2796 1217 sub-

598 1257 739 1317 inde
766 1258 999 1319 miscuit
1026 1258 1333 1319 Gilbertus
1356 1255 1708 1329 Wakefield,
1735 1258 1812 1316 A.
1833 1256 1906 1315 Β.
1935 1255 2182 1334 Collegii
2208 1256 2242 1316 J
2248 1275 2352 1315 esu
2379 1254 2538 1332 apud
2569 1254 2798 1313 eanm-

596 1352 917 1432 brigienses
940 1355 1077 1415 olim
1106 1356 1340 1417 Socius.
1382 1354 1654 1415 Londini.
1694 1352 1986 1429 Impensis
2025 1352 2290 1422 editoris,
2333 1352 2496 1431 typis
2535 1350 2620 1410 A.
2665 1350 2792 1410 Ha·-

596 1450 819 1511 milton.
847 1462 909 1513 4.
936 1460 975 1514 8
1002 1453 1337 1513 mlh—Est
1354 1470 1512 1511 nova
1538 1458 1734 1511 textus
1760 1448 2048 1521 recensio,
2091 1468 2128 1508 a
2156 1448 2530 1527 sagacissimo
2560 1446 2792 1507 Critico

596 1545 775 1621 facta,
804 1548 907 1625 qui
928 1546 1157 1625 (judice
1186 1548 1503 1608 novissimo
1530 1545 1788 1607 Lucretii
1813 1544 2066 1620 editore)
2093 1543 2440 1623 dijudicatis
2469 1542 2790 1603 revocatis·-

598 1662 715 1721 que
741 1645 1104 1723 optimorum
1130 1644 1411 1705 librorum
1442 1643 1796 1705 lectionibus
1839 1643 2122 1721 praeclare
2147 1641 2366 1713 effecit,
2411 1651 2474 1700 ut
2517 1659 2698 1718 quem
2725 1638 2800 1697 li«

598 1739 921 1801 brar-iorum
962 1749 1171 1820 stupor
1210 1751 1391 1819 atque
1432 1742 1726 1803 editorum
1767 1750 1906 1801 ante
1931 1760 2066 1802 eum
2094 1740 2390 1800 temeritas
2418 1737 2591 1797 nobis
2619 1753 2795 1814 piene

600 1834 969 1914 eripuissent,
1025 1838 1367 1898 Lucretium
1418 1839 1477 1897 in
1533 1839 1806 1898 Lucretio
1857 1852 2266 1914 agnoscamus.
2346 1833 2546 1906 Notae,
2603 1830 2796 1892 textui

600 1930 908 2008 subjectae,
958 1933 1174 2010 partim
1223 1933 1448 1993 criticae
1504 1942 1660 2005 sunt,
1701 1933 1916 2011 partim
1958 1932 2294 2009 exegeticae,
2340 1929 2560 2007 quibus
2607 1948 2702 1989 res
2729 1937 2799 1989 et

600 2028 911 2088 sententiae
958 2028 1137 2089 docte
1164 2030 1515 2109 eruditeque
1540 2030 1932 2109 explicantur.
2016 2027 2280 2105 Antiqua
2309 2024 2608 2087 scribendi
2639 2023 2796 2084 ratio

602 2124 823 2202 ubique
850 2124 972 2185 fere
998 2135 1091 2185 est
1109 2126 1379 2186 reducta.
1461 2126 1696 2186 Nobilis
1722 2124 1904 2185 editio
1929 2122 2350 2201 elegantissime
2381 2121 2690 2199 impressa.

692 2228 849 2293 1799
888 2221 1147 2283 Parisiis.
1203 2231 1261 2284 8.
1307 2230 1347 2283 2
1390 2222 1527 2281 voll.
1576 2240 1714 2283 cnm
1755 2221 2020 2281 versione
2072 2219 2306 2279 Gallica
2349 2226 2408 2277 et
2445 2216 2600 2277 notis
2642 2217 2800 2277 Lan-

607 2336 851 2395 grangn.
1034 2336 1039 2341 ’

688 2420 841 2483 4801
887 2412 965 2471 Τ.
994 2415 1255 2475 Lucretii
1282 2416 1417 2475 Cari
1445 2414 1525 2474 dc
1551 2434 1746 2475 rerum
1777 2426 1980 2473 natura
2007 2413 2146 2473 libri
2173 2432 2298 2483 sex,
2326 2411 2403 2471 ad
2435 2410 2802 2490 optimorum

603 2508 1024 2585 exemplarium
1049 2508 1229 2567 fidem
1274 2509 1589 2569 emendati.
1674 2512 1828 2570 Cum
1859 2510 2034 2570 Rich.
2064 2509 2316 2569 Bentleii
2345 2506 2800 2567 animadversio-

608 2602 809 2671 nibus,
851 2602 1025 2662 Gilb.
1070 2602 1419 2664 Wakefieldi
1466 2604 1914 2683 praefationibus
1958 2614 2021 2665 et
2055 2603 2488 2665 commentariis
2537 2603 2803 2681 integris,

608 2706 1059 2777 oeterorumque
1087 2701 1479 2779 interpretum
1512 2700 2136 2780 praestantissimorum
2176 2699 2690 2762 observationibus
2713 2720 2805 2759 se-

608 2795 779 2855 lectis
804 2793 1011 2866 edidit,
1042 2814 1175 2855 suas
1191 2806 1371 2855 notas
1396 2806 1461 2857 et
1479 2795 1706 2856 indices
1731 2796 2174 2876 copiosissimos
2201 2797 2426 2875 adjecit
2447 2796 2636 2856 Henr.
2663 2797 2804 2856 Car.

608 2891 761 2951 Abr.
791 2890 1143 2952 Eichstaedt.
1187 2890 1479 2951 Volumen
1509 2892 1786 2969 primum.
1814 2892 2057 2970 Lipsiae.
2111 2892 2391 2972 impensis
2439 2895 2596 2953 Petr.
2644 2894 2800 2954 Phil.

610 2984 813 3045 Wolfii
836 2994 896 3045 et
924 2985 1239 3045 sociorum.
1273 2995 1331 3047 8.
1378 2986 1893 3065 maj.-Sequitur
1920 2997 2146 3048 textum
2175 3008 2210 3047 a
2248 2988 2620 3049 Wakefieldo
2654 3008 2806 3049 con-

612 3080 906 3153 stitutum,
948 3080 1033 3139 ita
1058 3088 1278 3153 tamen,
1328 3092 1399 3143 ut
1424 3082 1707 3161 quicquid
1737 3082 1798 3143 in
1825 3103 1898 3143 eo
1925 3085 2016 3143 vel
2043 3103 2349 3162 perperam
2380 3086 2679 3164 reliquisse
2709 3086 2802 3146 vel

610 3177 919 3238 innovasse
945 3177 1255 3238 videbatur
1280 3176 1497 3239 doctus
1527 3178 1865 3253 Britannus,
1883 3180 2150 3257 (novavit
2169 3191 2366 3242 autem
2394 3182 2644 3261 plurima
2673 3193 2802 3243 tum

614 3274 907 3335 Codicum
964 3283 1092 3335 tum
1147 3272 1371 3337 criticae
1418 3274 1838 3353 conjecturalis
1891 3296 2010 3355 ope
2034 3279 2078 3350 ς)
2137 3276 2197 3336 id
2251 3296 2426 3338 omne
2481 3281 2804 3357 expelleret

616 3370 1009 3433 Eichstaedtus
1034 3372 1413 3452 melioresque
1440 3373 1720 3433 lectiones
1761 3372 2126 3453 postliminio
2171 3372 2500 3446 reduceret.
2581 3357 2810 3437 'Pextui

615 3469 969 3545 praemissae:
1019 3478 1044 3527 1
1066 3468 1347 3547 Epistola
1374 3468 1450 3530 ad
1482 3469 1539 3530 b.
1572 3469 1910 3541 Weissium,
1947 3470 2006 3528 in
2059 3488 2181 3548 qua
2218 3469 2296 3530 de
2337 3471 2581 3531 consilio
2623 3471 2807 3550 hujus

616 3564 889 3626 editionis
910 3565 1128 3642 agitur-3
1177 3574 1214 3627 2
1245 3564 1595 3626 Wakefieldi
1624 3566 2050 3634 Praefationesz
2095 3576 2134 3629 3
2173 3566 2250 3627 de
2274 3566 2349 3625 T.
2381 3568 2640 3627 Lucretii
2669 3570 2806 3628 Vita

616 3670 675 3717 et
714 3660 987 3719 Carmine
1014 3661 1197 3721 docta
1222 3662 1662 3723 commentatio
1687 3662 1947 3723 editori-s.
2033 3664 2099 3722 In
2129 3662 2247 3725 fine
2275 3671 2368 3725 est
2395 3664 2585 3724 Index
2612 3665 2803 3723 nomi*

617 3773 757 3813 num
810 3763 875 3814 et
923 3755 1232 3815 verborum
1278 3757 1335 3815 in
1371 3759 1624 3817 Lucretii
1665 3760 1920 3819 carmine
1956 3758 2394 3819 obvenientium
2435 3758 2801 3820 utilissimus.

617 3850 1035 3912 Commentarii
1063 3851 1124 3911 in
1152 3852 1325 3913 titulo
1351 3854 1632 3931 promissi
1657 3854 1857 3932 adhuc
1883 3864 2300 3934 expectantur.

795 4072 1250 4137 EDITIONES
1292 4074 1747 4150 PROMISSAE‚
1794 4078 2493 4152 OBSERVATIONES,
2535 4084 2654 4139 «Sec.

640 4186 647 4191 ’
702 4188 841 4267 Non
868 4188 1071 4265 paucis
1116 4190 1375 4287 Lucretii
1405 4190 1551 4251 locis
1591 4192 1838 4253 multum
1860 4192 2010 4253 lucis
2037 4192 2237 4253 attulit
2264 4191 2331 4252 P.
2365 4192 2710 4263 Gassendus
2743 4194 2804 4255 in
