3200 4959
563 380 568 384 ’
630 395 805 463 1738
1300 406 1692 459 asenneus
1739 406 2173 460 murionum

634 578 769 621 oum
799 555 1010 629 lexioo,
1040 556 1161 617 sive
1190 556 1397 617 indice·
1414 555 1856 619 absolutissimo
1877 555 2138 617 oninium
2167 556 2590 634 elegantiarum
2631 558 2854 620 Luere-

634 656 950 725 nanuum,
1000 672 1143 713 eura
1186 662 1247 713 et
1288 652 1491 715 labore
1532 652 1796 713 Danielis
1839 652 2029 713 Parei.
2097 656 2494 715 secesserunt
2549 656 2850 733 Scipionis

638 750 869 830 Capioii
896 749 975 811 de
1001 748 1307 828 principiis
1334 768 1527 809 rerum
1553 748 1685 809 libri
1713 747 1874 809 duo:
1904 768 2134 809 necnon
2161 748 2358 809 Annii·
2376 750 2624 811 Palearii
2662 752 2852 811 Vern-

636 848 756 911 lani
782 846 862 909 de
906 844 1233 909 animorum
1270 844 1708 907 immortalitate
1751 845 1888 905 libri
1935 854 2077 909 tres.
2129 846 2518 917 Franooi'urti,
2568 846 2853 925 impensis

637 943 803 1005 Guil.
836 942 1071 1015 Fitzeri,
1118 941 1338 1003 librarii
1364 940 1563 1019 Angli.
1603 948 1662 1001 8.
1701 950 1740 1003 2
1777 940 2160 1001 volL—-Nihil
2189 940 2469 1020 praefatus
2493 962 2618 1002 non
2645 942 2856 1003 laudat

638 1038 935 1118 presidia,
964 1038 1181 1118 quibus
1207 1038 1395 1099 fultus
1422 1035 1498 1097 ad
1530 1035 1872 1097 Lucretium
1915 1035 2212 1099 edendum
2251 1038 2614 1107 accesserit:
2663 1037 2855 1097 noluit

638 1156 799 1207 vero,
829 1144 897 1196 ut
920 1133 1241 1196 Creechius
1272 1142 1429 1195 reete
1476 1132 1553 1194 de
1592 1151 1668 1191 eo
1702 1130 1965 1208 judicat,
2003 1132 2226 1191 chartae
2263 1133 2540 1211 periturae
2584 1152 2854 1213 parcere.

638 1230 1005 1291 Testimonia
1050 1231 1127 1291 de
1170 1229 1447 1291 Lucretio
1488 1228 1738 1307 implent
1786 1226 1982 1305 plures
2025 1229 2314 1307 pagellas,
2368 1247 2404 1289 a
2441 1248 2584 1309 pag.
2641 1222 2854 1299 29-73.

640 1328 1069 1389 Annotationes
1095 1345 1299 1405 parum
1328 1326 1522 1385 valent
1548 1344 1659 1385 nee
1697 1324 1772 1383 ad
1815 1344 2020 1385 sensns
2062 1326 2566 1404 perspicientiam,
2615 1337 2732 1386 'nee
2773 1326 2853 1386 ad

641 1424 906 1483 lectionis
933 1423 1255 1485 veritatem.
1304 1421 1507 1492 Index,
1538 1420 1646 1499 qui
1675 1418 1930 1486 alterum
1956 1420 2226 1483 volumen
2251 1420 2450 1494 efficit,
2487 1440 2853 1499 quamquam

644 1520 797 1579 mole
820 1519 1053 1581 laborat
1080 1528 1141 1579 et
1168 1538 1322 1597 saepe
1347 1536 1543 1595 nugax
1558 1527 1674 1589 est,
1697 1517 1886 1577 multa
1905 1527 2098 1579 tamen
2122 1518 2306 1581 babet
2323 1518 2580 1596 egregia,
2599 1534 2854 1595 quonam

647 1615 889 1691 quidem
920 1616 1139 1675 bonam
1167 1624 1393 1693 partem
1426 1612 1750 1674 Lambinus
1777 1621 1840 1673 et
1868 1613 2202 1691 Giphanius
2246 1613 2358 1674 sibi
2387 1622 2640 1690 possunt
2669 1612 2858 1673 vindi-

647 1726 799 1768 care.

726 1806 1257 1867 -Amstelodami.
1285 1814 1384 1867 24.
1411 1804 1573 1883 apud
1600 1807 1882 1867 Jansson.
1943 1850 1946 1855 -

736 1898 891 1971 1647
933 1903 1010 1963 Τ.
1059 1902 1317 1963 Lucretii
1346 1902 1483 1961 Cari
1512 1901 1589 1961 de
1617 1920 1809 1961 rerum
1837 1908 2046 1961 natura
2073 1899 2208 1959 libri
2235 1920 2358 1971 sex,
2390 1920 2506 1959 una
2527 1920 2664 1960 eum
2687 1918 2861 1981 para·

649 1999 946 2075 phrastica
972 1998 1384 2076 explanatione
1410 2007 1476 2059 et
1500 1997 2116 2059 animadversionibus
2143 2000 2240 2058 Jo.
2267 1996 2496 2059 Nan-dii.
2528 1997 2860 2069 Florentiae,

651 2095 813 2173 typis
841 2094 1128 2155 Amatoris
1158 2096 1375 2155 Massae
1404 2095 1779 2167 Forpliviens.
1809 2104 1871 2157 4.
1897 2114 2034 2157 oum
2063 2114 2276 2157 novem
2303 2094 2534 2155 tabulis
2575 2094 2861 2153 aeneis.—

649 2190 821 2255 Parvi
840 2192 1155 2250 aestimatur
1182 2191 1311 2251 haeo
1340 2190 1559 2257 editio:
1588 2200 1769 2269 atque
1790 2190 2108 2256 Creeebius
2123 2190 2187 2257 in
2202 2190 2552 2271 prefatione
2571 2184 2861 2249 Nardium

650 2286 907 2345 severius
946 2294 1121 2345 vocat
1174 2287 1614 2364 sexagenarium
1670 2288 2044 2365 interpretem
2089 2287 2166 2348 de
2213 2294 2398 2365 ponte
2439 2285 2862 2363 dejiciendum.

652 2380 1121 2441 Commentarius
1149 2382 1329 2439 verba
1354 2381 1786 2459 opinionesque
1816 2382 2077 2443 Lucretii
2101 2382 2608 2445 observationibus
2655 2379 2865 2459 physi-

652 2476 741 2543 cis
765 2476 981 2554 potius,
1010 2494 1183 2553 quam
1213 2476 1585 2555 philologieis
1616 2476 1892 2539 illustrat.

738 2571 893 2631 1650
933 2566 1189 2631 Parisiis.
1221 2580 1280 2632 8.
1307 2592 1439 2632 oum
1464 2572 1727 2632 versione
1758 2574 1994 2633 Gallica
2023 2572 2187 2633 Mieb
2215 2572 2291 2633 de
2317 2574 2616 2639 Marolles.

625 2659 633 2666 ’
740 2665 897 2730 1656
934 2668 1010 2727 Τ.
1081 2668 1343 2729 Lucretii
1408 2668 1547 2729 Cari
1602 2669 1681 2729 de·
1731 2688 1926 2741 rerum
1981 2678 2192 2731 natura
2235 2671 2385 2733 liber
2425 2671 2668 2749 primus,
2725 2688 2864 2731 cum

653 2764 921 2843 ejusdem
949 2764 1329 2824 translatione
1356 2764 1416 2824 in
1450 2785 1652 2827 versus
1690 2766 1992 2843 Anglieos,
2043 2767 2296 2844 adjectis
2343 2766 2866 2833 aninmdversioni-

654 2862 790 2934 hus,
821 2872 1063 2923 auctore
1094 2861 1188 2921 Jo.
1219 2860 1459 2939 Evelyn.
1491 2859 1767 2935 landini,
1795 2862 1958 2939 apud
1986 2862 2178 2923 Gabr.
2209 2864 2407 2927 Bedle.
2437 2872 2498 2925 8.

740 2955 898 3019 1660
934 2957 1009 3016 Τ.
1054 2957 1312 3017 Lucretii
1346 2959 1481 3019 Cari
1522 2959 1599 3018 de
1651 2977 1845 3027 rerum
1887 2967 2102 3020 natura
2127 2960 2260 3020 libri
2301 2980 2425 3031 sex,
2467 2958 2684 3024 additis
2723 2978 2867 3019 con-

645 3052 897 3130 jecturis
924 3062 983 3113 et
1011 3052 1521 3113 emendationibus
1544 3054 1883 3134 Tanaquilli
1931 3055 2130 3129 Fabri,
2163 3076 2298 3115 oum
2341 3057 2496 3117 notis
2540 3056 2865 3135 perpetuis.

654 3150 944 3221 Salmurii,
985 3148 1147 3228 apud
1188 3151 1284 3209 Jo.
1382 3149 1713 3211 Lenerium.
1767 3151 2088 3211 4.—N0tae
2131 3160 2270 3211 sunt
2309 3151 2590 3222 eruditae3
2635 3150 2744 3211 sed
2777 3149 2868 3209 ·de

652 3247 916 3331 ingenio,
948 3265 1109 3306 more
1134 3266 1263 3317 suo,
1294 3247 1633 3317 Lucretium
1659 3248 1994 3317 emendavit
2023 3249 2234 3309 Faber.

745 3341 897 3414 1675
941 3345 1016 3403 Τ.
1058 3343 1317 3404 Lucretii
1343 3345 1480 3403 Cari
1506 3344 1581 3405 de
1608 3363 1803 3405 rerum
1830 3355 2036 3407 natura
2071 3344 2210 3405 libri
2236 3362 2371 3405 sex:
2401 3344 2623 3424 quibus
2645 3342 2871 3405 additae

660 3448 796 3500 sunt
822 3438 1191 3516 conjecturae
1214 3448 1275 3499 et
1300 3440 1740 3505 emendationes
1761 3441 1923 3511 Tan.
1973 3440 2168 3513 Fabri,
2208 3460 2346 3501 cum
2391 3439 2606 3500 notulis
2653 3458 2874 3517 perpe-

658 3538 809 3603 tuis;
840 3543 903 3595 et
929 3542 1213 3613 praeterea
1240 3536 1452 3597 Oberti
1479 3538 1766 3617 Giphanii
1795 3538 1930 3599 Vita
1957 3537 2239 3609 Lucretii,
2275 3545 2338 3598 et
2366 3535 2442 3597 de
2464 3544 2640 3614 gente
2675 3537 2873 3597 Mem·

660 3633 775 3691 mia
816 3628 1080 3705 ejusdem
1129 3629 1587 3709 Prolegomena;
1639 3634 1778 3694 item
1815 3634 1999 3694 Dion.
2043 3633 2312 3694 Lambini
2332 3632 2536 3705 ‚Index
2583 3648 2873 3711 perquam

660 3724 1039 3787 necessarium
1072 3727 1486 3805 Cantabrigiae,
1513 3748 1588 3788 ex
1616 3728 1774 3789 offic.
1803 3730 1839 3791 J
1843 3750 1900 3790 ο.
1928 3730 2144 3808 Hayes.
2171 3738 2270 3791 12.
2371 3802 2378 3809 ·

747 3822 904 3884 1680
942 3823 1018 3881 T.
1066 3824 1325 3885 Lucretii
1352 3824 1491 3885 Cari
1516 3824 1595 3885 de
1622 3845 1815 3887 rerum
1861 3836 2068 3887 natura
2107 3826 2287 3887 libros
2326 3843 2426 3885 sex
2470 3819 2874 3899 interpretati-

660 3939 774 3981 one
821 3929 882 3979 et
928 3919 1085 3979 notis
1134 3920 1443 3982 illustravit
1484 3922 1740 3982 Michael
1793 3924 1994 4003 Fayus,
2019 3923 2096 3995 ¹in
2139 3941 2309 3983 usum
2347 3918 2698 3981 serenissimi
2729 3916 2874 3976 Del-

659 4017 843 4097 phini.
904 4016 1157 4090 Parisiis,
1184 4018 1344 4095 apud
1375 4018 1748 4079 Fredericum
1777 4018 2069 4081 Leonard.
2091 4018 2490 4081 4.--Pareum
2517 4014 2790 4092 sequitur
2814 4013 2873 4071 in

658 4124 851 4175 textu.
925 4114 1107 4175 Notae
1159 4112 1352 4192 plenae
1403 4124 1535 4175 sunt
1588 4115 2131 4188 hallucinationum,
2185 4124 2268 4189 et,
2316 4134 2458 4192 quas
2504 4113 2660 4173 bona
2701 4117 2863 4179 sunt,

662 4210 845 4273 debet
867 4209 1022 4272 aliis.
1097 4210 1309 4273 Nardii
1334 4211 1750 4275 animadverss.
1793 4212 1869 4275 de
1897 4212 2206 4275 funeribus
2230 4195 2686 4273 Atheniensium
2709 4206 2862 4285 reje-
