3200 4959
612 402 784 471 1390

675 574 772 620 567
810 570 1064 632 Proeterec,
1084 570 1303 633 edictum,
1319 569 1423 632 &ce-1
1459 569 1669 620 Deinde

610 660 713 695 vss.
763 652 812 694 5.
855 646 1100 710 loquatur
1139 646 1343 710 aliquis,
1383 647 1668 695 innumerae

611 737 762 772 aures
805 723 1073 772 adstantes
1135 723 1292 772 verba
1353 723 1671 786 percipient,

609 800 748 849 unde
785 814 906 848 vero
946 800 1076 849 hoc?
1131 800 1541 863 Concipiendum
1587 806 1673 849 est

610 890 762 925 uuam
786 890 900 925 esse
923 877 1067 939 quasi
1092 877 1320 935 totalem,
1353 876 1462 924 sive
1485 876 1668 939 mavis,

609 953 901 1015 generalem
925 966 1122 1012 vocem,
1154 966 1270 1015 quae
1304 951 1367 1000 ab
1404 966 1494 1000 ore
1519 953 1668 1001 emit-

608 1030 756 1087 titur,
777 1029 868 1077 sed
894 1042 1009 1092 quae
1044 1028 1266 1077 dissiliat
1299 1034 1470 1077 tamen
1503 1028 1554 1075 in
1580 1043 1665 1077 vo·

545 1136 554 1145 -
611 1109 751 1157 cnlas
775 1108 1084 1168 innumeras,
1109 1109 1248 1157 inter
1269 1117 1325 1155 se
1345 1106 1635 1156 consimiles
1654 1122 1669 1167 ;

607 1184 728 1233 ideo
773 1200 888 1234 cum
932 1185 1186 1233 emittitur
1228 1198 1350 1243 vox,
1393 1195 1669 1246 corporum

607 1261 982 1324 erumpentium
1023 1259 1310 1308 formatura
1344 1258 1418 1307 ita
1450 1258 1670 1322 compri-

605 1337 782 1397 mitur,
813 1337 1044 1397 eliditur,
1075 1350 1136 1385 ac
1171 1335 1332 1385 veluti
1355 1336 1668 1397 conteritur,

609 1420 668 1462 nt
700 1413 854 1463 abeat
886 1414 938 1461 in
975 1411 1218 1473 frustula,
1253 1426 1346 1461 seu
1389 1412 1441 1460 in
1481 1426 1673 1474 parvas

606 1490 908 1551 moleculas‚
949 1488 1156 1537 omnino
1196 1487 1534 1537 consimiliter
1568 1486 1674 1537 for-

607 1572 795 1627 matas,
829 1579 946 1629 quae
981 1571 1035 1614 et
1071 1563 1344 1613 confestim
1379 1564 1673 1615 consimiles

609 1646 667 1689 et
687 1639 944 1689 dissiliant
963 1654 1056 1704 per
1075 1640 1212 1702 aera,
1229 1656 1318 1689 seu
1337 1654 1432 1703 per
1455 1640 1675 1689 circum·

605 1714 774 1764 fusum
799 1717 1043 1780 spatium,
1065 1724 1118 1765 et
1141 1716 1525 1765 similitudinem
1559 1730 1675 1765 eam

608 1797 918 1841 conservent
939 1806 1102 1855 nsque
1126 1791 1248 1840 dum
1273 1792 1337 1840 ad
1373 1806 1524 1840 aures
1557 1806 1674 1857 per·

608 1866 836 1915 veniant.
913 1867 1030 1917 Quo
1074 1866 1136 1916 fit
1170 1873 1230 1916 ut
1274 1866 1453 1915 eadem
1496 1880 1597 1915 vox
1645 1882 1676 1915 a

609 1942 785 1991 multis
805 1942 972 1991 audiri
993 1942 1172 2005 possit,
1190 1942 1314 1992 licet
1330 1942 1394 1991 ab
1411 1957 1512 1991 uno
1531 1942 1673 1992 dica-

609 2025 716 2068 tur.
775 2019 966 2068 Creecls.
1055 2019 1269 2068 Dictum.
1312 2018 1511 2082 aliquot
1555 2018 1676 2067 libri

607 2094 950 2158 manuscripti
963 2094 1176 2155 habeut,
1197 2094 1442 2143 Pru-terea
1463 2094 1674 2145 verbum.

612 2170 796 2220 Lamb.

676 2248 874 2297 Per-ciet
889 2248 1069 2311 aureis]
1084 2249 1368 2299 Per-movet
1386 2249 1552 2299 aureis
1569 2265 1672 2299 om·

609 2322 759 2372 nibus
800 2324 856 2372 in
903 2326 1092 2388 populo
1133 2326 1198 2375 ad
1239 2328 1540 2376 concionem
1587 2342 1673 2375 vo-

611 2404 761 2447 cato:
801 2398 866 2446 ad
891 2400 1112 2449 omnium
1138 2402 1306 2450 aureis
1329 2403 1590 2466 pervenit,
1620 2410 1677 2453 et

613 2472 677 2522 ab
703 2475 936 2523 omnibus
960 2476 1255 2527 exauditur.
1294 2478 1459 2529 Lamb.

675 2554 772 2599 568
805 2550 1056 2601 Proeconis
1099 2553 1158 2601 ab
1211 2556 1311 2619 ore]
1366 2554 1673 2605 Praeconum

609 2640 792 2674 munus
831 2632 964 2689 erat,
1007 2635 1198 2691 praeter
1234 2636 1430 2692 cetera,
1469 2632 1675 2682 concio·

611 2713 730 2749 nem
780 2700 1055 2765 advocare,
1103 2703 1363 2753 silentium
1409 2705 1673 2769 indicere;

610 2790 813 2826 causam
838 2784 892 2826 et
916 2780 1224 2829 sententiam
1249 2781 1472 2831 dicturos
1491 2783 1678 2834 citare.

610 2851 802 2916 Itaque
836 2855 1085 2905 concione
1119 2855 1391 2918 advocata,
1432 2858 1675 2907 attentio-

610 2940 728 2975 nem
753 2930 1145 2992 comparabant,
1163 2932 1580 2996 audientiamque
1600 2934 1676 2985 fa-

607 3002 823 3059 ciebant
855 3010 912 3053 et
944 3004 1044 3053 sibi
1079 3012 1133 3055 et
1177 3006 1292 3055 aliis
1328 3007 1545 3057 dicturis
1577 3010 1676 3059 hoc

611 3081 785 3143 modo,
800 3082 1067 3146 εὐφημεῖτε,
1083 3084 1116 3135 i.
1137 3098 1183 3134 e.
1209 3084 1225 3112 ⁴
1243 3083 1418 3135 favete
1439 3088 1623 3150 linguis
1642 3088 1675 3136 :’

612 3154 802 3205 ἃκοῦετε
836 3158 964 3219 λαοὶ,
1005 3160 1038 3210 i.
1071 3175 1119 3209 e.
1155 3160 1172 3187 ‘
1198 3162 1375 3211 audite
1400 3163 1562 3225 cives,
1582 3178 1676 3213 seu

614 3233 828 3297 populi.'
871 3235 973 3283 Sed
997 3236 1050 3285 in
1073 3238 1232 3286 sacris
1257 3238 1427 3300 potius
1450 3238 1537 3286 illo
1562 3246 1676 3287 ute-

612 3310 821 3371 bantur,
839 3318 893 3359 et
902 3312 1160 3373 jubebant
1183 3314 1432 3374 εὖφημεῖνς
1459 3314 1509 3361 in
1534 3314 1676 3362 edic·

611 3384 680 3433 tis
721 3386 906 3447 altero,
940 3382 1132 3435 ἆκοῦετε
1165 3388 1290 3437 λαοί.
1331 3390 1381 3437 in
1423 3390 1677 3439 concione

611 3474 753 3524 vero,
774 3462 826 3510 in
851 3477 949 3526 qua
974 3461 1038 3511 de
1063 3462 1220 3524 bello,
1242 3471 1332 3514 aut
1356 3480 1507 3527 pace,
1533 3473 1587 3514 et
1610 3466 1677 3513 si-

612 3538 818 3587 milibus
841 3540 996 3587 rebus
1021 3540 1434 3601 consultabatur,
1455 3542 1527 3589 ita
1549 3558 1680 3604 prae-

612 3612 875 3674 dicabant,
908 3612 982 3661 τίς
1000 3612 1235 3676 ἀγορεύειν
1265 3614 1521 3676 βοῦλεταις
1556 3618 1592 3671 ἰ.
1630 3632 1677 3669 e.

618 3691 635 3717 ⁶
656 3688 771 3751 quis
801 3692 909 3737 vult
931 3690 1165 3745 dicere?
1197 3690 1364 3740 Lamo.

677 3766 774 3811 570
812 3764 1008 3825 Privas]
1060 3765 1325 3828 Proprias,
1373 3773 1462 3815 aut
1504 3768 1676 3831 singu-

609 3838 705 3885 las.
745 3838 884 3901 Lege
912 3838 1161 3901 Nonium,
1187 3838 1432 3901 Gellium,
1450 3842 1677 3893 Festum.

615 3912 782 3960 lamb.

679 3991 777 4036 572
808 3988 880 4037 At
900 4004 1004 4052 quae
1023 4004 1153 4052 pars,
1183 3993 1290 4061 qma]
1339 3993 1675 4058 Quaecunque

615 4069 791 4125 partes
816 4066 959 4113 vocis
985 4080 1134 4115 aures
1158 4069 1440 4132 attingunt,
1459 4069 1560 4118 inae
1588 4085 1676 4118 au-

613 4138 855 4199 diuntur3
899 4141 1012 4189 aliar
1037 4149 1212 4203 partes
1250 4159 1346 4207 per
1379 4145 1495 4195 aera
1525 4144 1677 4195 diffu-

614 4228 684 4263 soe
723 4225 1074 4280 evanescunt;
1108 4220 1223 4269 aliae
1257 4221 1308 4269 in
1343 4236 1565 4285 corpora
1597 4238 1678 4271 so-

607 4293 737 4359 lida,
759 4302 815 4347 et
841 4305 1102 4364 utcunque
1126 4299 1363 4365 laevigata
1375 4300 1597 4367 (quippe
1621 4310 1681 4351 et

1301 422 1515 469 No'rAE
1569 420 1970 471 vAluoRUM
2019 421 2101 471 IN

1750 580 1937 630 porosa
1958 565 2109 616 nimis
2141 566 2573 631 praetermittunt,
2612 575 2667 621 et
2701 583 2812 619 sca-

1751 642 1901 693 brosa
1945 643 2095 691 nimis
2136 643 2417 693 concidunt
2462 652 2620 710 atque
2664 646 2811 695 dissi·

1751 717 1901 783 pant)
1924 719 2231 782 incidentes,
2252 728 2306 770 et
2329 721 2450 770 inde
2473 736 2809 785 repercussi»,

1750 792 1976 843 efficiunt
2000 801 2057 843 ut
2076 796 2290 845 eandem
2312 812 2491 847 vocem
2512 800 2701 849 iterato
2726 816 2812 848 au·

1749 871 1981 933 diamus;
2013 871 2133 921 inde
2150 874 2325 921 Echo:
2353 874 2473 923 inde
2496 875 2653 923 etiam
2688 890 2809 925 uoc-

1750 948 1889 996 turni
1926 948 2141 1011 sonitus,
2171 964 2322 1013 quos,
2362 950 2424 999 ad
2458 964 2532 999 vs.
2574 955 2685 1001 589.
2726 967 2809 1001 su-

1748 1023 2101 1087 perstitiosum
2158 1026 2335 1088 vulgus
2384 1028 2673 1091 agrestibus
2716 1042 2810 1079 nu·

1749 1102 1969 1151 minibus
2018 1110 2265 1166 acceptos
2312 1103 2492 1154 refert.
2554 1104 2744 1155 Creech.

1804 1179 1915 1226 Nou
1935 1179 2092 1233 aureis
2104 1180 2276 1227 accidit
2298 1179 2446 1243 ipsus]
2470 1180 2557 1229 Sic
2582 1182 2813 1247 reposui,

1751 1268 1782 1302 a
1810 1255 2000 1304 Plauto
2033 1261 2089 1305 et
2122 1258 2313 1305 ceteris
2350 1258 2520 1306 Latini
2557 1260 2813 1308 sermonis

1748 1329 2045 1380 auctoribus
2089 1331 2396 1395 admonitus,
2434 1334 2523 1396 qui
2558 1334 2629 1381 ita
2668 1334 2811 1398 loqui

1750 1409 1937 1457 solent.
2022 1410 2243 1459 Plautus
2288 1410 2561 1461 Rudente:
2610 1412 2625 1438 ‘
2650 1412 2811 1461 Certo

1749 1483 1885 1532 enim
1907 1484 2028 1532 mihi
2054 1493 2287 1546 paternae
2318 1487 2462 1535 vocis
2496 1486 2693 1536 sonitus
2718 1502 2809 1535 au·

1748 1562 1853 1611 reis
1897 1562 2126 1611 accidit!
2181 1562 2223 1611 si
2278 1564 2393 1627 quis
2436 1571 2606 1612 tamen
2648 1565 2810 1614 malet

1749 1638 1869 1699 legi,
1888 1653 1976 1687 nou
2008 1640 2199 1687 auribus
2231 1640 2404 1688 accidit
2432 1640 2568 1703 ipsis,
2600 1654 2699 1688 non
2734 1653 2814 1687 re-

1751 1713 2023 1776 pugnabo:
2069 1715 2257 1776 incidit,
2293 1715 2429 1779 quod
2464 1720 2579 1763 erat
2612 1715 2663 1762 in
2701 1730 2809 1764 om·

1751 1788 1901 1837 nibus
1933 1789 2094 1852 libris,
2129 1790 2324 1853 rejeci:
2360 1792 2493 1839 solet
2528 1790 2661 1839 enim
2686 1804 2811 1839 cont-

1742 1863 1964 1926 jungere
1985 1864 2081 1913 hoc
2106 1865 2321 1914 verbum
2340 1879 2456 1914 cnm
2481 1864 2638 1914 dandi
2660 1879 2805 1927 casu,

1751 1945 1812 1988 ut
1843 1940 1935 1989 lib.
1974 1945 2022 1990 2.
2058 1945 2172 1990 22¹1.
2238 1943 2254 1969 ‘
2277 1941 2521 1990 Incidere
2554 1954 2583 1989 e
2619 1955 2809 2005 supero

1752 2014 2062 2065 levioribus!
2096 2017 2261 2067 Lamb.

1814 2095 1911 2140 5⁷4
1946 2092 2074 2140 Pars
2107 2094 2272 2141 solidis
2307 2092 2462 2143 adlisa
2494 2093 2635 2155 locis]
2670 2093 2807 2143 Haec

1751 2174 1831 2217 est
1852 2182 1935 2230 ea,
1956 2183 2071 2232 quae
2112 2184 2141 2217 a
2176 2169 2379 2218 Graecis
2402 2171 2546 2219 Echo
2580 2172 2811 2218 nomina-

1750 2252 1852 2306 tur,
1868 2245 1900 2291 i.
1918 2259 1964 2294 e.
1986 2246 2125 2294 vocis
2147 2246 2335 2309 imago,
2357 2260 2448 2295 seu
2464 2245 2705 2307 redditio,
2728 2260 2808 2294 re-

1740 2318 1933 2383 jectio,
1967 2326 2023 2369 et
2055 2322 2295 2383 repulsio.
2361 2323 2375 2349 ‘
2397 2320 2680 2369 Resouam'
2716 2334 2809 2383 ap-

1752 2398 1947 2459 pellant
1973 2398 2162 2459 Latini,
2187 2405 2244 2445 ut
2268 2398 2423 2448 docet
2448 2404 2629 2446 auctor
2657 2410 2809 2447 vocau-

1751 2472 1940 2522 bularii
1967 2474 2323 2536 Latinograeci.
2350 2489 2466 2537 quae
2504 2472 2565 2522 fit
2596 2475 2649 2522 in
2683 2475 2809 2523 locis

1748 2549 1980 2610 laevibus,
2023 2550 2287 2611 tortuosis,
2335 2558 2392 2599 et
2447 2551 2710 2613 concavis,
2754 2556 2809 2598 nt

1749 2624 1986 2687 vallibus,
2018 2630 2073 2673 et
2106 2626 2289 2685 antris,
2324 2632 2376 2675 et
2414 2627 2720 2689 parietibus,
2753 2632 2809 2675 et

1748 2700 1929 2762 muri8‚
1966 2707 2023 2750 et
2066 2700 2300 2749 aedificiis
2344 2705 2638 2766 cameratis,
2670 2716 2810 2751 max-

1748 2776 1850 2825 ime
1871 2777 2105 2827 vetustis.
2172 2778 2253 2826 Ex
2290 2792 2390 2843 quo
2427 2780 2575 2844 Virg.
2610 2779 2809 2842 Georg.

1749 2858 1898 2903 4¹49.
1940 2858 1955 2882 ‘
1979 2861 2070 2903 aut
2103 2854 2191 2903 ubi
2227 2870 2455 2904 concava
2491 2858 2642 2920 pulsu
2674 2857 2811 2906 Saxa

1750 2930 2209 2993 sonant,vocisqne
2233 2928 2429 2979 offensa
2446 2933 2664 2981 resultat
2685 2931 2810 2979 ima·

1751 3006 1851 3070 go?
1915 3007 2047 3067 Ἠχὼ
2077 3006 2259 3067 γίνεται
2299 3007 2489 3072 (iuquit
2534 3007 2809 3055 Aristotel.

1750 3084 1837 3133 lib.
1870 3087 1918 3133 2.
1951 3084 2017 3133 de
2052 3083 2250 3145 Anim.)
2280 3084 2397 3133 ὅταν
2426 3082 2520 3133 ἀπὸ
2550 3086 2639 3133 τοῦ
2678 3082 2811 3146 ἀέρος

1751 3158 1852 3209 ἑνὸς
1898 3158 2143 3221 γινομένου
2184 3161 2256 3210 διὰ
2291 3161 2349 3209 τὸ
2372 3162 2587 3223 ’ἀγγεῖον
2622 3160 2679 3209 τὸ
2716 3163 2809 3209 διο-

1748 3235 1884 3300 ρίσαν
1924 3236 2001 3285 καὶ
2034 3236 2253 3287 κωλύσειν
2294 3240 2565 3300 θρυφθῆναι,
2600 3235 2742 3287 πάλιν
2783 3238 2810 3284 ὀ

1749 3312 1837 3376 ἀὴρ
1855 3313 2063 3377 ἄπωσθῇ,
2087 3314 2242 3377 ὥσπερ
2278 3316 2470 3376 σφαῖρα.
2494 3315 2527 3364 ί.
2551 3328 2597 3364 e.
2622 3314 2639 3341 ‘
2664 3314 2809 3363 Echo

1748 3386 1830 3450 fit,
1867 3402 1981 3437 cum
2004 3388 2071 3437 ab
2107 3388 2227 3438 aere
2262 3390 2349 3453 qui
2384 3405 2513 3439 uuus
2534 3388 2806 3453 efficiatur,

1750 3473 1967 3530 propter
2008 3482 2098 3515 vas
2139 3466 2390 3516 definiens
2434 3476 2492 3517 et
2529 3467 2808 3531 prohibens

1749 3556 1815 3590 ne
1868 3540 2154 3605 frangatur,
2203 3542 2291 3591 aer
2334 3544 2571 3606 repulsus
2616 3543 2703 3605 sit,
2750 3549 2811 3593 ut

1751 3621 1969 3683 globus!
2000 3622 2105 3671 Sed
2129 3636 2229 3671 non
2255 3622 2607 3684 dissimulabo,
2627 3623 2678 3670 in
2695 3621 2808 3685 qui-

1753 3696 1967 3745 busdam
2024 3697 2168 3746 libris
2222 3704 2331 3747 vet.
2389 3698 2638 3760 scriptum
2694 3711 2809 3746 esse

1750 3786 1860 3833 pars
1894 3772 2024 3835 solis,
2063 3787 2158 3835 pro
2200 3788 2312 3836 pars
2350 3774 2517 3823 solidis
2528 3789 2548 3832 ‚·
2587 3782 2639 3823 et
2674 3775 2813 3836 Iopis,

1752 3862 1846 3910 pro
1894 3849 2027 3898 locis.
2092 3850 2163 3897 Et
2205 3864 2328 3898 vero
2372 3850 2445 3899 sic
2487 3850 2647 3899 habet
2690 3848 2809 3898 cod.

1752 3925 2037 3975 Bertinian.
2072 3926 2198 3975 Solis
2234 3927 2357 3994 quid
2395 3928 2482 3986 sit,
2514 3928 2564 3977 in
2602 3933 2811 3990 promtu

1752 4008 1859 4049 est:
1895 4002 2012 4065 quin
2034 4000 2253 4051 fortasse
2270 4002 2395 4052 ferri
2419 4012 2614 4067 potest,
2634 4012 2691 4053 ut
2717 4017 2811 4067 per

1753 4076 1768 4103 ‘
1794 4076 1925 4124 sola'
1949 4077 2083 4138 loca,
2117 4076 2322 4128 deserta
2348 4078 2632 4141 significari
2656 4079 2808 4126 intel·

1752 4151 1988 4215 ligamus,
2029 4159 2086 4200 ut
2118 4153 2252 4202 infra
2285 4168 2382 4203 non
2423 4156 2592 4218 longe.
2660 4154 2811 4216 Lupis

1751 4227 1876 4291 quid
1903 4228 2086 4291 valeat,
2108 4243 2211 4278 non
2236 4230 2405 4281 video.
2441 4232 2574 4279 Mihi
2598 4230 2807 4293 quidem

1753 4311 2053 4367 corruptum
2091 4304 2313 4355 videtur.
2352 4307 2519 4358 Lamb.
2588 4307 2717 4355 Pars
2736 4322 2808 4355 so·
