3200 4959
649 396 821 466 15⁰2

647 570 763 606 esse
793 552 1033 617 munitas,
1070 567 1155 616 an,
1174 558 1235 604 ut
1264 552 1525 616 Spartam,
1546 553 1700 602 nullis

643 631 895 682 moenibus
938 636 1129 692 saeptas
1170 636 1431 692 oporteat,
1468 629 1562 689 ait,
1598 628 1702 678 suis

637 707 748 771 jam
772 705 1089 768 temporibus
1112 705 1273 753 multa
1294 713 1351 753 et
1392 705 1610 753 telorum
1645 710 1702 752 et

643 788 1015 831 tormentorum
1052 793 1245 843 genera
1282 779 1345 828 ad
1383 778 1587 828 urbium
1612 791 1701 826 ex-

640 857 984 921 pugnationes
1026 854 1419 920 exquisitissima
1468 868 1531 902 ac
1584 868 1702 916 per-

639 931 925 982 fectissima
946 945 1059 982 esse
1082 938 1291 994 reperta
1323 944 1437 993 quae
1476 929 1701 993 antiqui-

639 1008 812 1059 oribus
832 1007 1027 1060 fuerint
1048 1009 1241 1070 ignota„
1274 1007 1439 1056 Lamb.

705 1085 801 1134 336
836 1082 1095 1144 organici]
1142 1083 1219 1132 Ut
1252 1081 1513 1143 tibicines,
1534 1079 1700 1129 fidici-

636 1171 752 1219 nes,
792 1157 1078 1206 citharoedi.
1124 1172 1243 1220 sup.
1288 1161 1339 1206 2.
1382 1161 1497 1207 412.
1574 1155 1589 1182 ‘
1613 1155 1697 1204 Ac

638 1246 833 1282 musaea
874 1233 1027 1293 mele,
1066 1245 1160 1295 per
1201 1231 1421 1280 chordas
1468 1230 1698 1293 organici

639 1321 755 1369 quae
791 1305 1075 1355 Mobilibus
1114 1305 1290 1369 digitis
1322 1301 1698 1368 expergefacta

636 1379 902 1445 figurant?
935 1382 1098 1430 Lumb.

702 1461 800 1506 336
834 1457 1048 1519 Denique
1064 1461 1237 1506 natura
1256 1454 1378 1518 hac]
1414 1456 1555 1518 lage
1570 1453 1696 1502 [nc-

635 1532 1139 1592 tantium,Firmian.
1178 1531 1245 1579 de
1270 1532 1423 1580 Falsa
1456 1529 1694 1591 Sapient.

635 1607 727 1656 lib.
771 1611 823 1656 3.
863 1610 945 1656 16.
972 1606 1061 1654 ubi
1096 1607 1232 1654 hunc
1264 1606 1437 1654 locum
1472 1600 1694 1667 profert.

638 1681 811 1734 Lumb.
877 1681 1175 1731 Notandum
1212 1681 1463 1740 maxime3
1496 1678 1695 1727 Intelli-

635 1758 714 1822 git
752 1755 889 1804 enim
936 1755 1219 1818 physicam.
1300 1753 1467 1802 Plane
1510 1751 1692 1800 eadem

633 1833 834 1883 ratione
857 1831 1045 1880 Horat.
1070 1831 1155 1895 qui
1178 1828 1437 1878 interdum
1451 1827 1694 1876 audacior

634 1915 739 1970 est,
774 1908 841 1957 de
879 1908 1179 1971 Pythagora
1214 1911 1261 1956 1.
1298 1911 1382 1956 28.
1422 1910 1502 1954 15.
1542 1903 1694 1965 dixit,

633 1987 650 2014 ⁸
676 1992 878 2033 naturae
900 1998 999 2033 non
1024 1981 1261 2031 sordidus
1284 1983 1503 2031 auctor.'
1536 1979 1690 2028 Ratio

632 2066 804 2110 autem
824 2058 923 2108 hoc
946 2060 1061 2107 loco
1087 2056 1409 2120 philosophia
1430 2061 1530 2105 est.
1564 2053 1689 2104 Fab.

695 2139 789 2184 337
827 2136 898 2184 Ee
917 2135 1038 2184 lianc
1062 2132 1263 2197 primus]
1298 2131 1553 2184 Quocirca
1585 2143 1688 2178 non

628 2209 885 2260 immerito
898 2209 1024 2258 illud
1044 2209 1110 2257 de
1128 2223 1185 2257 se
1204 2205 1531 2270 praedicavit,
1549 2203 1688 2267 quod

630 2284 877 2334 estinitio
898 2285 987 2333 lib.
1008 2291 1057 2332 4.
1080 2284 1209 2332 etin
1234 2281 1323 2331 lib.
1347 2286 1392 2330 1.
1412 2295 1512 2330 non
1532 2280 1686 2341 longe

630 2360 853 2410 abextr.
882 2361 898 2388 ⁴
933 2359 1066 2408 Avia
1083 2358 1349 2408 Pieridum
1371 2368 1591 2419 peragro
1609 2355 1684 2402 lo-

630 2451 712 2496 ca,
728 2435 917 2484 nullius
936 2441 1059 2483 ante
1072 2436 1214 2483 Trita
1234 2431 1379 2494 solo,'
1402 2435 1499 2480 διο.
1512 2429 1682 2480 Lamb.

694 2512 791 2558 338
838 2510 901 2557 In
932 2510 1119 2572 patrias
1156 2509 1237 2572 qui
1270 2507 1449 2571 possim
1480 2507 1688 2570 vertere]

629 2584 733 2636 Qui
776 2584 967 2647 possim
1012 2591 1319 2632 convertere
1354 2582 1405 2630 in
1442 2581 1683 2632 Latinum

625 2673 932 2708 sermonem.
998 2659 1121 2707 Fuit
1138 2658 1273 2708 enim
1289 2656 1563 2706 Lucretius
1584 2654 1682 2703 Ro·

624 2747 824 2782 manus.
878 2732 1044 2784 Lamb.
1130 2734 1255 2795 Pro,
1297 2738 1514 2780 vertam.
1581 2730 1685 2778 Ex-

626 2808 799 2872 empla
836 2807 993 2858 alibi:
1048 2808 1145 2857 nisi
1178 2808 1253 2856 ita
1288 2807 1566 2867 intelligas,
1600 2819 1681 2852 su-

622 2882 1007 2952 perbiusculum
1028 2881 1219 2942 fuerit;
1270 2894 1573 2944 quamquam
1598 2894 1683 2928 ve·

623 2972 685 3006 ra
704 2957 991 3022 praedicat,
1024 2959 1137 3021 quis
1170 2956 1307 3006 enim
1338 2962 1459 3005 ante
1492 2957 1682 3005 Lucre-

623 3031 785 3080 tium?
818 3030 995 3081 Faber.

685 3110 786 3161 ‚339
822 3107 963 3162 Quod
1000 3106 1045 3154 si
1068 3107 1205 3166 sorte
1226 3105 1385 3167 fuisse
1426 3110 1537 3154 ante
1572 3105 1679 3167 hac,

619 3181 727 3246 ξω]
768 3182 886 3231 Huc
907 3184 1171 3246 pertinent
1188 3198 1248 3232 ea
1265 3197 1379 3247 quae
1398 3188 1517 3230 sunt
1540 3181 1680 3244 apud

617 3260 893 3316 Platonem
921 3259 973 3308 in
990 3261 1183 3308 Timaeo
1201 3273 1303 3308 non
1320 3260 1472 3322 longe
1490 3272 1521 3306 a
1541 3258 1680 3320 prin-

619 3335 725 3402 cip.
748 3333 839 3382 ubi
864 3349 1025 3382 senex
1040 3335 1126 3383 ille
1141 3333 1415 3398 AEgyyptius
1438 3332 1678 3382 sacerdos

618 3421 735 3458 cum
754 3409 942 3457 Solone
959 3409 1191 3472 loquens,
1209 3410 1303 3471 ait,
1320 3399 1531 3459 Graecos
1548 3424 1679 3458 sem-

614 3499 711 3548 per
734 3497 851 3534 esse
873 3498 1081 3549 pueros,
1101 3498 1267 3548 neque
1294 3486 1567 3548 quicquam
1588 3499 1678 3532 an-

616 3560 813 3623 tiquum
832 3574 1002 3621 nosse,
1024 3566 1299 3623 propterea
1331 3559 1466 3623 quod
1500 3560 1679 3608 multis

616 3647 721 3682 non
745 3647 844 3682 uno
879 3640 1115 3695 tempore
1144 3635 1197 3681 in
1216 3633 1478 3682 Graeciam
1503 3634 1584 3682 vel
1609 3634 1676 3683 ab

616 3705 840 3769 ignibus,
860 3708 944 3755 vel
976 3707 1041 3754 ab
1061 3721 1306 3771 aquarum
1331 3707 1674 3758 diluvionibus

615 3779 849 3831 cladibus
885 3782 1197 3848 importatis,
1232 3799 1332 3833 non
1376 3785 1608 3848 potuerit
1644 3801 1676 3836 a

614 3857 895 3922 majoribus
914 3859 982 3908 ad
1018 3866 1249 3922 posteros
1280 3875 1451 3910 rerum
1483 3870 1672 3924 praete-

580 3933 829 4000 ⁸ritarum
868 3934 1101 3997 cognitio
1159 3937 1305 3999 quasi
1360 3951 1455 3999 per
1488 3952 1672 3988 manus

613 4007 809 4056 tradita
845 4009 1135 4071 pervenire.
1201 4012 1450 4061 Nonnulli
1494 4020 1669 4062 autem

612 4083 793 4145 legunt
810 4084 949 4147 hinc,
992 4087 1129 4140 Quod
1161 4088 1205 4135 si
1226 4086 1360 4147 forte
1382 4087 1539 4148 fuisse
1558 4096 1670 4140 aute

614 4159 715 4206 hoee
747 4161 903 4207 eadem
936 4163 1089 4209 omnia
1134 4163 1304 4225 credis,
1347 4167 1427 4227 ᾂσ.
1483 4166 1665 4216 Lamb.

612 4232 715 4285 His
750 4236 1065 4296 argumentis
1112 4240 1337 4289 nonnulli
1374 4241 1666 4307 philosophi

1334 411 1551 462 1¹01·AE
1606 408 2004 460 vammum
2049 409 2131 458 nt

1773 553 1872 602 hoc
1899 549 2054 602 modo
2069 549 2404 615 respondent,
2421 549 2542 600 olim
2559 555 2696 602 artes
2721 549 2842 600 istoe

1776 627 2070 691 viguerunt,
2094 641 2210 691 quoe
2233 641 2371 676 nunc
2402 624 2612 685 florent,
2631 626 2722 674 sed
2749 625 2844 674 ali·

1776 703 1982 767 quando
2000 703 2154 766 ignis,
2172 703 2444 764 aliquando
2469 715 2604 764 aqua
2625 700 2846 760 delevit,

1775 778 1857 824 vel
1877 784 2029 828 terroe
2053 784 2224 826 motus
2246 777 2420 826 hausit
2449 777 2726 826 humanum
2749 791 2840 840 ge-

1774 865 1908 901 nus:
1963 851 2084 902 inde
2107 852 2217 916 jam
2251 866 2399 900 novae
2424 851 2666 900 videntur
2687 850 2840 899 nobis

1774 934 1830 976 et
1867 934 2122 978 recentes.
2187 927 2304 976 Hoc
2343 941 2647 989 responsum
2669 933 2838 979 retor-

1774 1009 1900 1066 quet
1925 1001 2090 1052 Poeta
2108 1015 2206 1052 vss.
2233 1006 2312 1051 13.
2379 1002 2516 1050 Nam
2538 1001 2716 1050 orbem
2741 1002 2837 1050 ali·

1775 1077 1980 1140 quando
2001 1077 2208 1141 ignibus
2231 1082 2518 1142 perustum,
2548 1076 2834 1140 aliqnando

1772 1151 1918 1216 aquis
1939 1151 2202 1212 obrutum,
2223 1157 2316 1201 aut
2338 1158 2492 1200 terrae
2514 1151 2737 1200 motibus
2759 1151 2838 1200 di-

1770 1238 1978 1294 ruptum
2002 1246 2153 1282 nemo
2170 1237 2588 1280 sanusaeternum
2611 1231 2830 1280 dixerit:

1769 1306 1887 1356 ideo
1921 1307 2058 1355 enim
2093 1307 2347 1356 hominem
2385 1305 2602 1354 dicimus
2641 1315 2830 1354 morta·

1768 1383 1890 1443 lem,
1918 1382 2162 1446 quoniam
2195 1381 2299 1430 illis
2338 1381 2532 1432 morbis
2574 1386 2830 1440 tentatur,

1769 1458 1856 1522 qui
1890 1459 1942 1506 in
1985 1458 2112 1507 alios
2149 1456 2500 1508 vehementius
2539 1455 2832 1505 incidentes

1769 1547 1856 1582 eos
1879 1533 2226 1582 abstulerunt.
2264 1531 2457 1580 Creech.

1835 1613 1931 1658 340
1973 1608 2180 1671 Vapore]
2206 1608 2408 1656 Calore.
2442 1604 2612 1654 Lamb.

1833 1688 1928 1732 343
1967 1682 2294 1746 Cooperuisse]
2364 1682 2430 1730 In
2476 1680 2634 1729 verbo
2671 1680 2688 1708 ‘
2709 1694 2832 1730 coo-

1767 1758 2020 1822 peruisse’
2057 1758 2174 1808 duae
2210 1759 2418 1808 vocales
2443 1773 2499 1806 οο
2524 1757 2830 1806 coolescunt

1765 1834 1820 1882 in
1856 1849 2008 1883 unam
2040 1834 2320 1898 syllabam:
2351 1839 2411 1882 ut
2443 1848 2558 1896 sup.
2589 1836 2640 1882 2.
2681 1837 2829 1882 1060.

1764 1910 1780 1937 ‘
1801 1909 2036 1959 Tandem
2082 1909 2370 1959 cooluerint
2426 1923 2489 1957 ea
2543 1923 2657 1972 quae
2703 1921 2826 1956 con-

1755 1987 1904 2050 jecta
1919 1992 2155 2048 repente,
2172 1983 2514 2048 Magnarum,’
2531 1987 2633 2035 &c.
2657 1983 2826 2034 Lamb.

1764 2061 1884 2113 Huc
1919 2061 2186 2125 pertinent
2223 2061 2332 2121 illa,
2376 2073 2492 2122 quae
2542 2058 2608 2106 de
2647 2058 2824 2106 litera-

1762 2152 1874 2185 rum
1930 2135 2227 2186 inventione
2296 2133 2492 2183 Cadmo
2529 2133 2824 2193 -attributa,

1762 2209 1994 2274 aliisque,
2037 2209 2270 2272 disputat
2322 2208 2583 2258 Diodorus
2617 2209 2822 2258 Siculus

1757 2285 1844 2334 lib.
1866 2290 1915 2334 6.
1965 2287 1980 2313 ‘
2001 2284 2334 2334 Postmodum
2381 2284 2588 2333 Graecia
2622 2281 2821 2330 diluvio

1759 2373 2029 2422 oppressa,
2065 2373 2181 2408 cum
2207 2359 2414 2421 plurimi
2445 2357 2676 2407 homiues
2701 2371 2820 2420 per-

1757 2433 1956 2496 iissent,
1995 2442 2052 2482 et
2089 2434 2359 2483 literarum
2395 2449 2604 2498 quoque
2643 2447 2822 2486 monu-

1757 2515 1932 2558 menta
1954 2508 2132 2558 deleta
2160 2509 2315 2572 sunt‚’
2337 2513 2416 2558 &c
2471 2509 2606 2558 Hau.

1820 2587 1915 2632 347
1954 2584 2290 2646 Tentarentur]
2336 2584 2561 2632 Pulchre
2596 2583 2814 2644 dictum,

1755 2658 1772 2686 ‘
1795 2661 1987 2708 tentari
2007 2658 2224 2720 morbo‚’
2261 2659 2278 2687 ‘
2297 2659 2557 2721 periculo,’
2590 2661 2604 2687 ‘
2625 2659 2818 2707 incom-

1755 2735 1945 2784 modo.'
2001 2736 2078 2785 sic
2125 2739 2172 2783 1.
2210 2739 2325 2784 632.
2375 2735 2542 2786 ‘Quae
2589 2734 2814 2783 nondum

1755 2811 1966 2859 clueant
2009 2811 2116 2859 ullo
2156 2815 2355 2858 tentata
2397 2803 2631 2872 periclo!
2669 2817 2724 2858 et
2759 2814 2814 2859 2.

1754 2887 1868 2933 966.
1907 2884 2082 2933 ‘nullo
2121 2884 2402 2947 primordia
2440 2899 2594 2948 posse
2633 2884 2816 2936 dolore

1755 2958 2005 3008 Tentari!
2039 2959 2208 3008 Lamb-

1819 3035 1898 3083 1112·
1919 3036 1963 3082 si
1983 3035 2170 3083 tristior
2184 3035 2464 3086 incubuisset
2486 3035 2660 3100 Causa]
2685 3037 2809 3086 Hoc

1753 3117 1910 3170 negat
1947 3108 2277 3158 metuendum
2313 3125 2428 3159 esse
2465 3112 2680 3160 Aristot.
2713 3111 2810 3160 lib.

1753 3183 1822 3234 de
1850 3184 2049 3234 Mundo
2071 3198 2186 3246 cap.
2209 3190 2258 3233 5.
2315 3186 2614 3236 Quinetiam
2638 3189 2712 3236 ait
2733 3188 2814 3245 di-

1753 3260 1986 3311 luviones
2011 3275 2272 3324 aquarum,
2293 3270 2347 3311 et
2365 3261 2625 3324 incendia,
2649 3259 2814 3314 defla-

1754 3338 2118 3401 grationesque
2159 3344 2411 3386 terrarum
2465 3338 2532 3387 ad
2589 3340 2809 3388 salutem

1752 3411 1978 3460 universi
2000 3411 2300 3473 valere,·his
2337 3412 2543 3461 verbis:
2566 3411 2634 3460 Ἥ
2656 3429 2713 3464 τε
2741 3417 2812 3474 γῆ

1752 3489 1914 3548 φυτοῖς
1952 3491 2142 3548 κομῶσα
2194 3489 2522 3549 παντοδαποῖς,
2567 3491 2670 3539 &c.
2719 3481 2810 3548 τὴν.

1751 3561 1910 3627 ἀγήρω
1944 3562 2086 3626 φύσιν
2123 3561 2286 3625 ὅμυῖως
2330 3565 2474 3628 τηρεῖ
2522 3564 2676 3613 καίτοι
2729 3564 2812 3614 καὶ

1751 3641 1960 3700 σεισμοῖς
1999 3639 2326 3701 σινασσομένη,
2371 3638 2451 3690 καὶ
2495 3639 2806 3704 πλημμυρίσιν

1750 3713 2107 3779 ἐπικλυζομένη,
2139 3716 2378 3778 πυρκαΐαῖς
2421 3733 2477 3764 τε
2513 3714 2636 3763 κατὰ
2667 3712 2806 3780 μέρος

1748 3787 2082 3850 φλογιζομένη.
2104 3791 2258 3840 ταῦτα
2277 3787 2328 3841 δὲ
2349 3787 2505 3839 πάντα
2525 3788 2673 3838 ἔοικεν
2686 3789 2808 3854 αὐτῇ

1745 3865 1860 3928 πρὸς
1881 3867 2057 3928 ἀγαθοῦ
2085 3866 2320 3928 γινόμενα,
2349 3865 2440 3924 τὴν
2456 3867 2511 3914 δι’
2537 3864 2695 3914 αἰῶνος
2713 3881 2803 3915 σω-

1743 3941 1908 4004 τηρίαν
1928 3941 2165 4004 παρέχειν.
2183 3941 2422 4002 σειομένης
2439 3961 2497 3992 τε
2513 3941 2606 4005 ’γὰρ
2627 3939 2801 4004 &egdr-

1742 4032 1907 4066 ’νουσιν
1941 4017 1990 4064 αἱ
2025 4019 2120 4064 τῶν
2152 4016 2422 4078 πνευμάτων
2453 4017 2807 4082 repertun-&ormi

1742 4091 1867 4142 κατὰ
1885 4091 1950 4140 τὰ
1969 4092 2188 4156 ῥήγματα
2207 4093 2293 4144 τὰς
2313 4094 2547 4144 ἀναπνοὰς
2558 4093 2802 4160 ἴσχουσαι,

1741 4168 1891 4217 καθὼς
1919 4167 2012 4217 ἅνω
2040 4167 2276 4218 λέλεκται.
2311 4167 2614 4232 καθαιρομένη
2639 4187 2694 4219 τε
2715 4167 2801 4229 ὀμ·

1739 4245 1889 4306 βροῖς,
1904 4243 2224 4307 ἀποκλύζεται
2237 4243 2392 4296 πάντα
2407 4245 2470 4294 τὰ
2490 4245 2689 4305 νοσώδη.
2713 4263 2808 4298 n*
