3200 4959
618 416 790 483 1408

689 582 781 627 ⁷41
820 577 1012 627 Partim
1028 572 1298 640 quae'cariis
1313 578 1373 625 ab
1393 577 1530 627 rebus
1551 590 1674 626 cum·

619 654 740 718 que]
759 656 1093 716 Quaecumqoec,
1112 654 1308 703 tmesis.
1341 653 1508 702 Lamb-

683 732 782 779 '142
816 731 885 779 Et
907 745 1010 792 quoe
1029 730 1312 792 consistunt]
1344 729 1432 781 Sic
1456 730 1559 791 legi
1582 730 1673 779 de-

620 802 734 867 bet,
777 818 901 867 non,
935 810 995 853 ut
1031 803 1086 854 in
1123 806 1365 869 vulgatis,
1395 805 1675 869 conficiunt-⁰

623 882 724 929 nisi
777 881 889 944 quis
923 880 1075 930 malit
1131 882 1306 945 legere
1337 883 1570 947 confiunt,
1616 890 1675 932 ut

619 956 815 1005 habeut
867 957 1098 1006 nonnulli
1138 957 1228 1007 tib.
1269 959 1472 1021 scripti,
1510 957 1673 1025 (quod

623 1042 794 1085 tamen
829 1034 917 1083 vix
959 1034 1191 1098 probem,
1224 1043 1504 1099 propterea
1536 1034 1675 1100 quod

625 1110 986 1160 inconcinnum
1003 1109 1240 1161 videatur
1258 1114 1331 1161 ita
1347 1113 1484 1176 loqui
1491 1147 1507 1174 ,
1531 1112 1676 1177 confi·

623 1191 710 1235 unt
737 1186 941 1247 jactat)
997 1187 1096 1249 vel,
1139 1194 1199 1238 ut
1243 1187 1450 1250 quidam
1492 1187 1675 1237 doctus

623 1269 794 1325 putat,
824 1265 1118 1313 conveniunt.
1184 1264 1405 1314 Videtur
1442 1266 1675 1315 Lucreti-

624 1352 684 1386 us
707 1338 918 1387 tertium
953 1338 1340 1388 simulacrorum
1379 1354 1542 1403 genus
1580 1342 1676 1390 hoc

624 1427 781 1463 versu
823 1411 1029 1473 fecisse,
1063 1421 1120 1463 ut
1155 1416 1256 1464 tria
1280 1430 1470 1479 genera
1505 1416 1572 1464 ab
1612 1431 1676 1465 eo

625 1488 770 1540 facta
825 1505 940 1539 esse
991 1492 1357 1554 intelligamus.
1443 1492 1677 1542 Primum

626 1578 790 1627 genus
832 1580 1008 1615 eorum
1054 1582 1165 1630 qun
1216 1574 1402 1629 sponte
1441 1568 1590 1631 finnt,
1622 1569 1678 1619 id

625 1647 725 1702 est,
747 1655 840 1703 per
861 1656 938 1702 se,
961 1650 1016 1691 nt
1041 1656 1156 1705 quae
1180 1648 1280 1691 non‘
1297 1642 1463 1692 fluunt
1483 1644 1681 1707 ab‘ulla

627 1730 840 1781 re‚quae
887 1716 956 1765 sit
998 1718 1050 1766 in
1100 1732 1264 1765 rerum
1289 1728 1491 1782 natura,
1533 1720 1680 1768 verbi

627 1791 816 1852 gratia,
843 1790 1116 1841 simulacra
1135 1792 1346 1855 Scyllae,
1365 1793 1603 1854 Cerberi,
1625 1800 1683 1843 et

631 1866 834 1916 similia.
859 1868 1153 1918 secundum
1167 1883 1327 1932 genus
1350 1883 1522 1919 eorum
1542 1884 1681 1935 quae·

627 1956 847 2006 eumque
879 1958 947 1992 ex
979 1944 1131 1995 rebus
1165 1960 1280 2009 quae
1312 1953 1449 2010 suut,
1493 1945 1679 2011 fluunt,

628 2025 685 2067 ut
703 2019 976 2069 simulacra
997 2020 1239 2083 hominis,
1272 2022 1411 2085 equi,
1443 2022 1586 2086 lecti,
1624 2029 1681 2073 et

626 2096 827 2146 similia.
891 2098 1124 2146 Tertium
1161 2113 1336 2146 eorum
1387 2113 1501 2163 quoe
1543 2113 1680 2148 com-

637 2174 804 2236 posito
828 2182 882 2222 et
905 2174 1188 2222 constituta
1217 2182 1336 2223 suut
1357 2188 1423 2223 ex
1447 2175 1679 2237 pluribus

629 2259 806 2295 earum
844 2261 1033 2308 rerum,
1055 2262 1170 2311 quae
1194 2250 1378 2312 partim
1401 2255 1538 2311 sunt,
1563 2263 1681 2311 par-

629 2322 724 2371 tim
750 2338 851 2373 non
887 2331 1028 2386 sunt,
1057 2323 1266 2387 figuris3
1298 2333 1356 2373 ut
1389 2332 1510 2374 sunt
1547 2326 1680 2375 Cen-

631 2408 826 2458 taurus,
848 2416 936 2449 seu
957 2400 1427 2463 Hippocentaurus,
1459 2400 1680 2451 Chimae-

633 2478 1097 2540 ra,'l'ragelaphu8.
1133 2492 1248 2525 nam
1287 2476 1681 2539 Hippocentau-

632 2568 718 2605 rus
741 2553 802 2602 fit
825 2566 890 2601 ex
910 2552 1112 2601 homine
1131 2559 1184 2601 et
1204 2566 1371 2615 equo:
1406 2551 1681 2616 Chimaera,

633 2644 664 2679 a
705 2631 868 2693 prima
909 2635 1075 2691 parte,
1114 2644 1178 2677 ex
1212 2630 1395 2687 leone;
1429 2644 1458 2677 a
1491 2629 1683 2691 media,

627 2718 697 2752 ex
719 2718 908 2767 σερε-εις
945 2720 974 2753 a
1008 2714 1285 2767 postrema,
1323 2719 1388 2753 ex
1422 2704 1678 2754 dracone:

627 2782 1000 2845 Trogelaphus,
1023 2796 1087 2828 ex
1125 2782 1291 2831 altera
1325 2789 1475 2844 parte
1508 2782 1681 2831 hircus

631 2862 732 2917 est,
771 2868 834 2903 ex
876 2858 1043 2905 altera
1082 2870 1280 2905 cervus.
1351 2856 1541 2921 Itaque
1580 2854 1685 2903 for·

630 2937 770 2979 tasse
792 2931 867 2978 ita
889 2931 1160 2993 legendum
1179 2940 1260 2979 est
1282 2931 1473 2993 potius,
1493 2932 1684 2979 Partim

637 3020 741 3069 quoe
779 3012 989 3056 constant
1021 3022 1084 3056 ex
1125 3008 1292 3057 'aarum
1315 3008 1456 3069 sacta
1477 3010 1682 3073 figuris.

628 3082 818 3148 alioqui
863 3085 1142 3133 secundum
1175 3100 1340 3147 genus
1385 3085 1682 3136 simulacro-

628 3174 740 3209 rum
774 3160 1065 3210 continebit
1095 3169 1149 3209 et
1191 3161 1462 3210 simulacra
1509 3176 1682 3212 rerum

628 3250 742 3301 quae
784 3244 923 3300 sumt,
960 3244 1017 3287 et
1053 3238 1330 3287 simulacra
1365 3252 1531 3288 rerum
1567 3255 1683 3305 quae

629 3326 731 3361 non
773 3319 912 3361 sunt.
964 3314 1132 3363 Lamb.
1227 3316 1293 3363 Ee
1323 3331 1426 3378 qua·
1457 3316 1681 3381 confiunt.

631 3388 719 3437 sic
755 3397 958 3437 veteres
1003 3390 1228 3453 quidam,
1273 3400 1435 3442 recte.
1524 3392 1681 3443 Unde

631 3472 815 3529 postea
851 3463 1066 3516 factum:
1100 3470 1368 3532 conficiunt,
1411 3477 1468 3520 et
1509 3471 1681 3519 consis-

630 3546 755 3590 tunt.
823 3542 909 3591 Ita
947 3542 1082 3591 enim
1105 3544 1259 3593 etiam
1297 3545 1350 3592 in
1372 3544 1681 3607 quibusdam

629 3617 775 3666 libris
795 3625 893 3666 est.
931 3616 1100 3677 Gifim.

693 3696 790 3741 ⁷41
825 3692 1016 3741 Natura
1051 3692 1294 3755 animalis]
1346 3692 1432 3743 Sic
1476 3693 1682 3743 restitui

631 3782 698 3817 ex
740 3767 858 3816 cod.
903 3766 1302 3829 Bertiniano,iu
1343 3782 1442 3831 quo
1477 3770 1681 3818 memini

632 3842 882 3905 seriptum
926 3856 1039 3891 esse
1077 3841 1291 3893 anienais.
1345 3856 1462 3893 nam
1504 3845 1683 3893 animai

630 3919 767 3983 quod
790 3918 946 3968 estin
968 3918 1110 3968 libris
1137 3920 1273 3983 vulg.
1307 3919 1432 3970 ferri
1464 3936 1564 3970 non
1589 3937 1681 3985 po·

631 4001 756 4044 test.
789 3994 955 4044 Lamo.
1018 3995 1306 4046 Animarum.
1329 3996 1416 4046 Ita
1440 4002 1542 4048 vet.
1567 4013 1681 4046 nos-

634 4068 716 4119 tri.
780 4069 843 4118 In
880 4070 1026 4117 aliis:
1060 4070 1368 4120 animantum.
1431 4072 1676 4137 Vulgati:

637 4144 844 4211 animai-3
875 4145 1025 4193 male.
1057 4144 1230 4203 Gifan.

696 4223 791 4269 745
831 4220 1058 4268 contenit
1111 4220 1292 4283 imago]
1344 4222 1434 4272 Sic
1484 4223 1683 4273 habent

639 4300 801 4351 nostri
819 4312 996 4349 omnes
1017 4299 1106 4350 lib.
1132 4307 1235 4351 vet.
1257 4316 1421 4367 neque
1451 4304 1550 4365 hic,
1568 4316 1684 4353 mea

1310 430 1528 481 'N‘oTAE
1576 424 1976 483 vAiuontJM
2026 428 2105 482 m

1752 576 1959 641 quidem
1993 576 2273 640 sententia,
2294 574 2565 641 quicquam
2602 574 2803 627 mutan:

1748 654 1903 703 dum:
1955 669 2262 719 quamquam
2297 655 2528 704 nonnulli
2570 655 2672 719 legi
2716 668 2803 703 vo-

1748 731 1863 779 lunt
1894 731 2147 780 concurrit.
2184 730 2367 781 Lami).
2408 732 2664 780 Concurrit
2684 732 2803 780 ima-

1746 821 1827 867 go.
1898 806 2013 855 Hoc
2040 806 2231 855 rectius
2256 820 2319 855 ex
2333 812 2439 857 vet.
2465 806 2628 868 libris,
2651 820 2803 871 quam

1750 882 1803 932 in
1822 882 1966 931 aliia:
2001 883 2233 932 convenit.
2298 883 2527 933 Quidam
2566 888 2801 931 veteres:

1749 960 1966 1009 aer-escit.
1990 958 2161 1010 Gifan.
2243 962 2249 967 '

1814 1040 1911 1086 746
1964 1037 2203 1087 Hoercccit
2242 1036 2419 1099 facile]
2470 1036 2557 1085 Sic
2606 1036 2802 1085 habent

1752 1120 1861 1163 tres
1889 1112 2005 1161 libri
2032 1126 2290 1161 manuscr.
2329 1112 2633 1176 quibuscum
2676 1126 2798 1161 con-

1749 1189 1981 1237 sentiunt
2018 1202 2195 1237 omnes
2240 1187 2380 1251 typis
2432 1188 2628 1247 excusi,
2674 1201 2805 1251 quos

1752 1263 1955 1327 quidem
2002 1262 2251 1311 viderim:
2316 1262 2421 1310 duo
2473 1262 2659 1327 reliqui
2702 1278 2807 1311 ma·

1729 1332 1932 1389 'nissen
1969 1338 2213 1388 Accu-escit
2239 1338 2413 1401 facile,
2437 1340 2517 1401 esc.
2553 1353 2681 1402 quos
2703 1352 2806 1388 non

1752 1428 1957 1478 sequor.
2026 1414 2167 1462 Puto
2222 1413 2357 1461 enim
2402 1413 2651 1475 scriptum
2696 1428 2809 1463 esse

1754 1502 1784 1537 a
1807 1488 2021 1538 librario
2066 1490 2284 1548 increscit,
2326 1488 2441 1537 sine
2478 1488 2810 1552 aspirationis

1752 1571 1893 1627 nota,
1914 1566 2101 1615 deinde
2137 1572 2318 1629 postea
2355 1565 2421 1614 ab
2454 1564 2557 1613 alio
2600 1564 2811 1613 librario

1754 1641 1949 1691 factum
1971 1643 2214 1705 accrescit,
2242 1657 2308 1691 ex
2332 1641 2549 1691 exerescit.
2612 1642 2668 1690 Si
2691 1641 2805 1705 quis

1756 1724 1933 1767 tamen
1953 1720 2176 1768 accrescit
2198 1716 2461 1781 probabit,
2484 1730 2586 1767 non
2610 1728 2806 1781 pugua-

1758 1792 1842 1842 bo.
1870 1792 2036 1843 Lumb.
2438 1809 2445 1815 ·

1820 1872 1917 1917 ‘163
1950 1868 2076 1917 Hoec
2096 1868 2217 1932 fieri
2238 1870 2330 1932 (nt
2366 1868 2602 1929 memoro)
2632 1867 2809 1930 facilc]

1758 1943 1976 2005 Probat,
1990 1945 2146 1993 animi
2179 1945 2433 1994 rationem
2453 1952 2510 1994 et
2542 1946 2812 2007 cogitatio·

1758 2036 1875 2071 nem
1919 2022 2193 2085 imaginum
2228 2036 2443 2071 accursu
2483 2022 2814 2082 commoveri,

1758 2112 1787 2146 a
1829 2096 2163 2145 similitudine
2200 2096 2429 2145 videndi.
2453 2096 2553 2145 hoc
2588 2097 2662 2145 ita
2695 2096 2811 2145 fieri

1756 2170 1975 2236 (inquit)
2013 2178 2070 2221 ut
2105 2172 2239 2232 dico,
2284 2188 2351 2221 ex
2390 2173 2487 2222 hoc
2522 2174 2815 2235 intelligere

1760 2248 1940 2309 possiS,
1961 2248 2221 2310 quatinus,
2242 2248 2293 2295 id
2318 2256 2418 2309 est,
2438 2250 2691 2312 quoniam,
2714 2264 2810 2298 seu

1757 2324 2030 2387 quia,hoc,
2052 2324 2189 2387 quod
2212 2334 2385 2375 mente
2404 2326 2654 2389 videmuS,
2672 2328 2810 2376 simi·

1757 2398 1807 2447 le
1852 2408 1933 2447 est
1972 2401 2155 2463 oculis,
2188 2400 2219 2450 i.
2240 2414 2289 2450 e.
2330 2402 2495 2451 simile
2538 2411 2621 2452 est
2654 2410 2809 2467 atque

1757 2473 1884 2522 illud
1909 2475 2045 2538 quod
2072 2476 2234 2525 oculis
2254 2478 2530 2527 cernimus.
2597 2479 2684 2527 Sic
2718 2494 2806 2527 au-

1760 2555 1864 2597 tem
1906 2551 2106 2600 restitui
2142 2551 2253 2614 jam
2294 2552 2360 2600 ab
2404 2553 2571 2616 initio,
2602 2569 2718 2603 cum
2756 2555 2811 2603 in

1756 2624 1991 2673 omnibus
2041 2625 2187 2676 libris
2225 2628 2446 2689 vulgatis
2485 2628 2810 2692 impressum,

1758 2714 1925 2763 neque
1963 2701 2117 2749 aliter
2160 2702 2413 2765 scriptum
2448 2711 2591 2753 esset
2624 2706 2677 2752 in
2702 2706 2810 2767 ple-

1759 2775 1929 2837 risque
1966 2774 2245 2838 veteribus,
2278 2779 2499 2840 quatinus
2518 2779 2622 2843 [hoc
2658 2780 2811 2829 simile

1758 2854 1826 2899 est
1844 2851 1937 2899 ini.
1973 2866 2124 2914 quam
2148 2853 2561 2903 emendationem
2595 2856 2813 2905 Thraso-

1757 2940 1851 2975 nes
1874 2927 2040 2976 secuti
2066 2936 2209 2991 sunt,
2227 2929 2641 2993 {dissimulantem
2661 2942 2715 2981 et
2738 2940 2815 2981 ta-

1758 3000 1869 3061 citi,
1888 3015 2028 3050 more
2049 3018 2160 3066 suo,
2178 3006 2325 3068 quasi
2348 3006 2399 3054 in
2426 3008 2569 3055 libris
2587 3007 2812 3069 vulgatis

1759 3094 2041 3149 repertam.
2076 3084 2239 3133 Lamo.
2307 3082 2370 3131 Id
2408 3090 2570 3133 totum
2606 3083 2670 3131 de
2704 3096 2809 3147 quo

1751 3162 1863 3225 jam
1904 3161 2156 3225 quaeritur
2189 3174 2283 3224 per
2322 3156 2626 3209 simulachra
2669 3158 2811 3208 effici

1760 3238 2080 3287 demonstrat
2096 3252 2196 3286 vss.
2217 3241 2267 3286 8.
2336 3238 2440 3285 Res
2479 3237 2612 3285 enim
2645 3236 2737 3284 illa
2758 3251 2809 3285 v.

1760 3327 1837 3376 gr.
1892 3315 1995 3374 leo,
2037 3328 2189 3377 quem
2249 3312 2556 3375 cogitamus,
2601 3324 2809 3374 prorsus

1758 3390 1938 3439 similis
1954 3398 2035 3439 est
2055 3390 2190 3439 leoni
2206 3390 2290 3437 isti
2306 3402 2461 3452 quem
2485 3389 2646 3437 oculis
2664 3402 2809 3436 usur-

1759 3480 1979 3530 pamus:
2031 3474 2086 3517 at
2128 3467 2247 3515 dum
2289 3466 2427 3514 visus
2472 3478 2569 3528 per
2605 3464 2810 3513 simula-

1756 3543 1879 3593 chra
1895 3542 2007 3605 fiat,
2033 3558 2126 3607 per
2149 3542 2455 3592 simulachra
2472 3542 2672 3603 itidem,
2692 3556 2809 3605 quae

1757 3632 1853 3681 par
1875 3620 2004 3668 visui
2027 3624 2127 3680 est,
2151 3619 2465 3681 imaginatio.
2504 3617 2693 3667 Creech.

1820 3698 1915 3743 755
1949 3695 2107 3757 Atque
2120 3696 2264 3744 oculis
2284 3695 2455 3758 simili]
2492 3694 2533 3743 Ι.
2553 3708 2601 3743 e.
2639 3701 2697 3743 et
2720 3708 2807 3743 ue·

1758 3785 1909 3821 cesse
1934 3781 2016 3819 est
2052 3786 2144 3821 nos
2178 3786 2395 3821 cernere
2441 3778 2615 3819 mente
2648 3777 2808 3833 atque

1758 3848 1925 3897 animo
1950 3848 2187 3897 similiter
2208 3848 2391 3910 oculis,
2414 3846 2467 3895 id
2503 3853 2601 3908 est,
2634 3846 2810 3894 simili·

1758 3930 1842 3975 ter
1867 3932 1925 3973 ut
1958 3926 2119 3972 oculis
2142 3924 2391 3974 videmus.
2424 3922 2591 3973 Lamo.
2644 3924 2811 3971 Oculis

1754 4000 1915 4048 simili.
1983 3998 2065 4047 Ita
2088 3998 2140 4047 in
2160 3999 2444 4059 veteribus;
2468 4005 2626 4048 recte.
2645 3998 2804 4060 Vulg.

1754 4074 1941 4123 similis.
1966 4072 2145 4124 Gifan.
2390 4072 2395 4075 ’

1819 4152 1916 4198 756
1950 4150 2096 4199 Forte
2116 4152 2287 4214 leones]
2325 4150 2535 4214 Adjecit
2574 4148 2808 4198 adverbi-

1758 4241 1839 4275 um
1862 4227 1877 4252 ‘
1896 4226 2068 4289 forte,'
2091 4229 2209 4292 quia
2233 4228 2405 4275 leones
2432 4225 2809 4290 posuitpotius,

1758 4318 1909 4384 quam
1934 4304 2073 4354 aliud
2097 4304 2299 4354 animal.
2334 4303 2479 4367 quasi
2514 4304 2589 4352 ita
2628 4302 2803 4351 dicat:
