3200 4959
634 418 807 487 1750
910 436 1221 489 conlosss
1268 438 1345 487 m
1398 436 1777 487 montom.
1827 434 2074 487 nm‘rw.
2119 434 2564 487 Assnnvm’i.

1376 676 1631 745 Codices
1665 676 2058 743 oxonienses.

720 848 917 915 Duos
945 853 1205 913 tantum
1222 846 1495 913 codices
1510 844 1948 911 bibliothecae
1969 843 2406 911 oxonienses
2429 848 2637 913 nobis
2662 869 2844 934 prae-

632 950 821 1026 bent,
850 967 1132 1033 quorum
1161 946 1363 1013 ambo
1391 947 1459 1011 in
1488 943 1847 1009 Bodleiano
1875 951 2151 1011 restant.
2219 944 2494 1012 Horum
2523 951 2839 1017 notitiam

633 1052 1009 1129 nobiscum,
1037 1049 1106 1113 in
1134 1049 1289 1114 aliis
1316 1050 1515 1114 rebus
1543 1046 1838 1112 Londini
1866 1046 2252 1131 occupatis,
2283 1049 2604 1132 publicus
2633 1053 2839 1119 bibli-

632 1152 1016 1219 othecarius
1050 1152 1411 1237 Philippus
1438 1151 1648 1228 Bliss,
1699 1150 1772 1216 S.
1801 1149 1885 1216 Τ.
1916 1150 2002 1218 Ρ.
2042 1149 2332 1233 benigne
2379 1154 2837 1221 communica-

632 1255 754 1321 vit.
839 1252 959 1318 Sic
1015 1252 1119 1319 vir
1172 1251 1450 1319 doctus:
1496 1251 1674 1319 Mss.
1716 1249 1921 1333 Angl.
1949 1250 2145 1317 3045.
2192 1270 2371 1317 nunc
2425 1251 2564 1318 ΜΒ.
2627 1255 2836 1320 Bodl.

630 1353 913 1423 Auctar.
944 1354 1024 1421 F.
1052 1355 1117 1419 1.
1144 1355 1253 1422 13.
1297 1358 1399 1420 est
1426 1354 1643 1421 codex
1671 1352 2152 1440 pulcherrimus
2181 1353 2477 1420 Lucretii
2505 1357 2836 1422 membra-

630 1476 916 1537 naceus3
968 1456 1265 1540 scriptus
1293 1454 1524 1529 forsan
1554 1457 1684 1521 sub
1715 1454 1910 1521 initio
1936 1455 2050 1521 vel
2069 1454 2196 1521 sub
2225 1454 2456 1522 medio,
2475 1474 2639 1521 saec.
2667 1472 2833 1521 xw.

632 1547 1089 1642 Calligraphia
1115 1578 1317 1643 supra
1352 1558 1628 1625 modum
1656 1557 1936 1643 pulchra
1961 1560 2082 1621 est.
2169 1554 2618 1623 Bibliothecae
2649 1556 2837 1624 Bod-

628 1658 871 1725 leianoe
899 1658 1185 1727 donatus
1214 1666 1321 1727 est
1347 1679 1415 1726 a.
1441 1659 1639 1725 1610.
1724 1656 2019 1723 Videtur
2066 1655 2336 1722 Italicae
2375 1654 2588 1722 fuisse
2631 1660 2836 1744 origi-

632 1756 1265 1945 mxpffllbmmid
1313 1858 1490 1925 Mss.
1538 1863 1647 1925 est
1691 1858 2037 1942 exemplar
2083 1857 2384 1923 Lucretii
2409 1861 2834 1927 membrana-

624 1980 813 2043 ceus,
865 1962 1249 2029 recentioris
1305 1962 1551 2040 aetatis,
1610 1960 1742 2035 sed„
1785 1960 2060 2044 optimae
2107 1960 2600 2044 calligraphiae.
2688 1963 2833 2028 Hic

626 2063 831 2130 etiam
858 2063 1144 2132 fortasse
1174 2064 1439 2131 Italicae
1470 2062 1770 2145 originis,
1818 2065 1889 2128 et
1913 2060 2218 2145 scriptus
2246 2060 2511 2127 circiter
2538 2064 2833 2130 medium

504 2184 507 2189 ·
624 2166 865 2233 aaeeuli
892 2183 1024 2232 xv.
1071 2165 1335 2233 Formoe
1360 2165 1656 2233 minoris.
2811 2182 2820 2193 ·

1335 2363 1546 2477 Codex
1577 2362 2134 2451 cantabrigiam&-

718 2514 821 2577 De·
848 2512 1083 2578 codice
1111 2512 1637 2595 CantabrigIensi
1664 2511 2046 2591 chartaceo,
2073 2532 2208 2597 quo
2235 2532 2404 2579 usus
2433 2521 2543 2579 est
2569 2477 2827 2583 Wake-

624 2612 910 2679 fieldus
889 2634 958 2677 m
968 2613 1287 2679 Lucretio
1300 2612 1588 2691 edendo,
1605 2612 1760 2678 vide
1785 2613 2263 2680 Praefafionem
2292 2615 2444 2699 ejus
2473 2636 2682 2702 supra
2702 2616 2827 2703 Ρρ.

624 2718 654 2779 1
666 2716 733 2780 0.
750 2715 860 2780 11.
918 2714 1057 2781 Hic
1076 2714 1296 2781 codex
1313 2714 1471 2781 olim
1487 2711 1614 2778 suit
1629 2712 1902 2779 Antonii
1924 2713 2239 2795 Askeuii,
2261 2714 2341 2780 M
2348 2717 2458 2783 .D.
2473 2726 2545 2783 et
2561 2726 2826 2801 postea,

624 2817 843 2901 pretio
874 2815 1225 2897 redemtus,
1272 2816 1345 2879 in
1396 2814 1720 2879 Biblioth.
1783 2816 1968 2899 publ.
2018 2816 2308 2883 cantab.
2369 2818 2824 2903 migraverat:
2907 2876 2914 2880 .

622 2923 693 2982 at
708 2916 978 3001 quidem
1000 2918 1354 3001 catalogus
1372 2916 1706 2984 Codicum
1728 2916 2050 2985 Biblioth.
2073 2920 2262 3003 publ.
2279 2919 2562 2985 cantab.
2583 2925 2826 3005 paucis

622 3019 864 3083 abhinc
893 3020 1091 3084 annis
1114 3038 1159 3083 a
1181 3018 1520 3083 nobismet
1544 3020 1921 3103 exscriptus
1949 3040 2071 3085 nos
2097 3028 2322 3086 certos
2340 3021 2730 3090 reddiderat
2755 3025 2826 3088 in

618 3138 745 3185 suo
792 3121 948 3187 loco
976 3120 1258 3186 eundem
1306 3139 1487 3185 nunc
1539 3140 1674 3185 non
1719 3119 2185 3187 inveniendum
2216 3142 2412 3188 esse:
2458 3128 2532 3188 at
2575 3131 2659 3188 ut
2702 3126 2822 3190 ad-

619 3222 753 3289 huc
819 3224 1140 3289 certiores
1202 3242 1330 3287 nos
1400 3222 1844 3302 redderemus,
1913 3224 2004 3289 ad
2068 3222 2438 3290 Custodem
2497 3226 2822 3291 Biblioth.

620 3324 901 3390 Cantab.
946 3324 1366 3409 scripsimus,
1414 3323 1558 3407 qui,
1594 3324 1873 3407 benigne
1918 3326 2262 3391 nobiscnm
2292 3327 2822 3407 communicanS,

618 3426 863 3491 iterum
890 3432 1091 3509 atque
1133 3428 1371 3491 iterum
1417 3424 1786 3509 rescripsit,
1827 3426 2030 3492 talem
2077 3427 2400 3494 Codicem
2443 3429 2516 3492 in
2555 3420 2824 3497 Biblio'-

616 3524 809 3591 theca
858 3527 1115 3591 nullum
1166 3546 1343 3603 esse,
1384 3546 1599 3610 neque
1646 3528 1720 3591 in
1748 3525 2070 3593 Generali
2101 3528 2275 3593 Mss.
2305 3529 2541 3595 Indice
2574 3532 2822 3601 notari.

616 3626 709 3691 Et
774 3628 1058 3711 quidem·
1111 3648 1237 3693 nos
1302 3627 1499 3693 valde
1563 3629 1996 3707 mirabamur,
2071 3630 2189 3713 qui
2261 3632 2434 3695 bene
2505 3632 2819 3697 novimus

614 3726 1110 3793 Wakefieldum
1168 3729 1383 3793 fuisse
1444 3728 1514 3793 in
1564 3721 1768 3796 rebus
1821 3732 2206 3817 hujusmodi
2255 3731 2492 3810 virum,
2543 3733 2606 3797 si
2663 3734 2818 3817 quis

614 3831 811 3909 alius,
840 3829 997 3896 fidei
1024 3831 1342 3917 antiquae,
1392 3838 1483 3910 et,
1528 3839 1611 3897 ut
1656 3834 1836 3899 alma
1863 3832 2008 3916 ejus
2051 3838 2261 3899 mater
2301 3833 2609 3898 codicem
2635 3834 2814 3899 hunc

611 3934 976 4017 pretiosum
1011 3933 1293 4017 benigne
1344 3932 1988 4010 subministraverat,
2039 3933 2127 4001 ab
2171 3932 2412 3999 eodem
2460 3952 2583 4018 pro
2627 3940 2814 3999 certo

611 4037 985 4102 restitutum
1016 4034 1251 4100 fuisse.
1328 4034 1646 4101 Tandem
1694 4035 2056 4120 aliquando
2097 4035 2485 4119 accepimus
2527 4036 2814 4101 eundem

614 4135 782 4201 Cod.
810 4144 965 4221 post
1011 4138 1279 4219 longam
1315 4138 1822 4221 inquisitionem
1864 4137 2116 4205 factam
2161 4138 2442 4203 feliciter
2483 4137 2555 4201 in
2596 4139 2813 4203 lucem

610 4238 981 4323 prodiisse:
1026 4239 1208 4325 quod
1237 4260 1323 4306 eo
1363 4234 1654 4308 alacrius
1691 4242 1800 4307 hic
1829 4242 2098 4327 publice
2137 4260 2604 4324 memoramuS,
2649 4242 2812 4324 quia
