3200 4959
634 410 806 479 1386

631 572 778 634 locis,
802 571 1096 635 Lambinus,
1125 572 1215 637 qui
1239 586 1442 623 versum
1465 586 1689 637 sequen-

635 656 740 699 tem
762 647 952 710 rejicit.
1018 648 1254 699 Retinet-i
1287 655 1461 699 autem
1496 655 1690 711 potest,

633 722 756 770 dnm
779 722 843 771 ad
869 737 978 771 rem
1015 721 1162 786 facit,
1181 731 1238 773 et
1259 724 1578 774 commodam
1616 724 1687 773 in·

633 800 1064 862 terpretationem
1088 801 1302 863 patitur.
1340 800 1538 850 Creecb.

695 874 802 925 Iter
833 875 1021 937 reddit]
1063 876 1364 939 Legendnm
1397 877 1494 926 iter
1525 876 1689 926 meliti

629 950 680 1001 h.
699 964 748 1000 e.
773 948 995 1002 offendit
1028 960 1254 1001 meatum
1277 953 1398 1003 oris.
1437 953 1578 1002 Pius.

695 1031 792 1076 639
827 1028 932 1076 Neo
954 1031 1002 1077 te
1026 1026 1206 1090 fallat]
1241 1029 1380 1089 Lego
1408 1028 1564 1088 fallit.
1588 1028 1689 1077 hoc

629 1117 814 1153 sensu:
845 1103 967 1153 Non
991 1110 1045 1153 te
1061 1104 1289 1168 decipiat
1306 1119 1422 1169 quae
1440 1119 1543 1153 vox
1559 1105 1687 1153 mul-

631 1186 740 1229 tum
763 1179 994 1229 detrabit
1014 1179 1207 1229 viribus
1225 1180 1442 1229 hominis
1473 1194 1589 1229 cnm
1615 1181 1686 1229 lo-

629 1254 719 1319 qui
758 1261 1062 1318 perseverat
1086 1270 1100 1303 τ
1162 1254 1364 1318 signnm
1403 1263 1485 1306 est
1527 1255 1691 1319 igitur

629 1346 934 1396 corpoream
955 1346 1068 1382 esse
1091 1347 1287 1382 vocem.
1322 1332 1462 1383 Pius.
1514 1334 1621 1383 Nec
1642 1340 1693 1383 te

515 1478 522 1483 ι
616 1408 756 1469 fallit
809 1408 941 1459 item.
986 1408 1158 1458 Priori
1203 1416 1506 1474 argumento
1547 1410 1686 1460 aliud

629 1499 726 1533 vss.
745 1489 794 1534 7.
818 1484 1088 1549 subjungit
1119 1484 1185 1534 ab
1208 1486 1534 1549 experientia
1563 1486 1689 1536 duc·

629 1566 758 1611 tum.
823 1560 1022 1626 Aliquis
1045 1576 1232 1625 magna
1255 1562 1592 1612 contentione
1617 1564 1687 1611 lo-

628 1642 832 1701 quatur,
855 1636 1038 1685 debilis
1059 1635 1152 1685 fiet
1171 1644 1226 1687 et
1241 1637 1525 1701 languidus.
1564 1639 1687 1688 Non

631 1719 808 1761 autem
850 1711 1112 1763 dubitabit
1145 1727 1324 1763 vocem
1385 1728 1687 1779 corpoream

632 1802 750 1839 esse
771 1802 888 1839 cum
909 1803 1144 1852 magnam
1181 1789 1413 1852 corporis
1447 1791 1528 1839 sui
1565 1804 1685 1853 par·

537 1907 547 1911 -
642 1871 766 1927 tem,
788 1866 910 1915 dum
931 1866 1180 1930 loquitur,
1197 1865 1486 1915 detractam
1512 1880 1685 1915 sensea

632 1942 722 1992 rit.
760 1942 952 1992 Crescit.

690 2022 786 2068 541
824 2020 1006 2082 Nigras‘
1037 2021 1189 2070 noetis
1225 2022 1286 2069 od
1317 2020 1551 2085 umbram]
1586 2020 1687 2071 Us-

648 2110 748 2161 que
771 2095 834 2145 ad
857 2104 1062 2146 noctem
1086 2096 1382 2161 perductus.
1417 2096 1585 2145 Lamb.

698 2177 797 2221 542
829 2174 1030 2222 Aurora·
1058 2174 1312 2235 perductus
1352 2172 1410 2221 ab
1445 2178 1688 2222 exoriente

635 2247 816 2309 nitore]
849 2246 934 2298 Ab
973 2263 1177 2310 aurora,
1219 2262 1312 2297 seu
1357 2263 1388 2297 a
1427 2249 1684 2299 matutino

632 2330 882 2387 tempore.
918 2324 1089 2373 lamb.

629 2431 639 2439 -
695 2402 796 2450 546
829 2400 931 2447 Nec
954 2399 1101 2449 simili
1121 2405 1371 2462 penetrant
1385 2404 1559 2464 cursis,
1579 2402 1688 2466 qm]

634 2476 756 2525 Le.
795 2489 892 2525 nec
932 2476 1087 2524 simili
1129 2474 1293 2526 forma
1327 2478 1550 2541 praedita
1584 2480 1685 2542 pri·

636 2551 835 2601 mordis
861 2566 1040 2600 vocum
1069 2554 1238 2603 aureis
1255 2560 1551 2618 penetrant,
1567 2570 1684 2605 cnm

629 2626 755 2675 tuba
798 2626 942 2689 gravi
985 2642 1101 2676 cum
1141 2642 1399 2678 murmure
1434 2630 1685 2693 mugitum

636 2701 769 2765 edit,
793 2710 949 2767 atque
975 2717 1091 2751 cum
1122 2706 1271 2768 cycni
1294 2706 1580 2755 moribundi
1603 2722 1689 2756 ca-

637 2786 802 2831 nunt:
827 2781 925 2830 hoc
948 2788 1045 2843 est,
1058 2782 1186 2831 alius
1199 2790 1294 2843 est,
1313 2784 1448 2833 tubae
1473 2785 1689 2846 sonitus,

639 2856 892 2921 aliterque
925 2858 1092 2906 aureis
1130 2856 1309 2920 afficit,
1349 2874 1498 2923 qnam
1537 2861 1687 2923 cycni

630 2938 835 2993 cantus,
852 2938 908 2980 et
922 2931 1138 2981 diversae
1159 2942 1276 2983 sunt
1294 2935 1685 2997 primordiorum

625 3008 895 3072 utriusque
911 3009 1107 3057 sonitus
1125 3008 1324 3073 figurae.
1358 3010 1523 3061 anb.

693 3088 793 3133 548
847 3085 918 3133 Et
959 3085 1144 3149 reflexa
1181 3091 1310 3136 retro
1354 3091 1473 3137 dost
1512 3104 1685 3139 cor-uua

632 3159 858 3210 Barbara
887 3161 1124 3225 bombum]
1158 3163 1292 3212 Sunt
1336 3162 1565 3214 ‘reflexa
1600 3180 1683 3214 re-

591 3228 596 3233 ’
635 3236 756 3296 tro,'
779 3243 1036 3288 retrorsus
1071 3234 1269 3288 intorta
1307 3239 1360 3288 in
1389 3241 1681 3291 similitudi-

625 3324 746 3359 nem
807 3313 945 3361 litui.
1037 3314 1224 3364 Cornua
1279 3317 1496 3381 barbara,
1542 3319 1680 3367 tuboe

627 3386 934 3436 barbaricae.
1000 3388 1214 3438 ‘Tabae'
1248 3391 1404 3441 ‹lictae
1430 3401 1549 3442 sunt
1568 3410 1682 3445 cor·

625 3474 763 3512 nua:
839 3462 1079 3526 quoniam
1127 3466 1263 3527 apud
1320 3468 1679 3531 antiquitatem

633 3537 816 3587 rudem
847 3553 913 3587 ex
952 3552 1112 3587 cornu
1153 3539 1343 3589 bubuio
1379 3540 1578 3593 fiebant
1624 3552 1681 3594 et

627 3628 693 3663 ex
718 3616 876 3665 tibiis.
895 3618 911 3641 ‘
931 3616 1224 3673 Bombum,’
1249 3632 1426 3667 vocem
1449 3620 1679 3670 collisam

623 3688 834 3738 fremitu
891 3690 1218 3741 tumultuoso.
1274 3692 1422 3743 Pers·
1467 3699 1514 3745 1.
1562 3700 1675 3746 113.

623 3765 640 3793 ⁶
663 3765 829 3813 Torva
866 3765 1216 3815 Mimalloneis
1255 3767 1536 3829 implerunt
1566 3785 1677 3819 cor·

623 3852 728 3888 nna
773 3839 988 3889 bombis.
1011 3838 1026 3861 '
1106 3842 1122 3868 ‘
1151 3843 1416 3892 Barbara’
1469 3848 1676 3896 vocavit

625 3915 641 3941 ‘
666 3915 875 3964 cornua'
926 3915 1251 3966 sambnccam
1303 3925 1360 3967 et
1396 3920 1676 3984 barbitum,

624 3990 810 4054 quibus
854 3991 1133 4040 utebantur
1177 3994 1395 4046 barbari.
1479 3997 1677 4061 Magna

630 4070 710 4112 est
741 4065 1063 4115 eruditorum
1085 4067 1340 4118 haesitatio
1370 4070 1420 4119 in
1443 4071 1538 4121 hoc
1562 4088 1674 4123 car·

623 4138 758 4188 mine
795 4154 913 4188 cum
961 4142 1089 4189 varii
1132 4144 1324 4193 variam
1362 4148 1675 4212 scripturam

621 4222 921 4280 sequantur.
988 4219 1114 4266 Sunt
1137 4220 1224 4283 qui
1248 4221 1428 4285 legunt
1447 4223 1566 4274 fulti
1587 4240 1675 4275 ve-

625 4300 795 4347 terum
826 4295 1200 4358 exemplarium
1223 4295 1353 4349 fide:
1391 4300 1463 4351 Et
1491 4306 1678 4352 revocat

1333 430 1547 479 NoTAE
1593 429 1689 479 VA
1702 428 2001 479 monim
2051 430 2131 478 IN

1766 587 1959 622 rancum
1976 577 2106 621 retro
2126 572 2225 622 cita
2240 572 2427 623 barbita
2448 573 2677 623 bombum.
2712 574 2825 625 Οε-

1768 654 1935 697 terum
1975 648 2193 697 ulterius
2243 650 2577 713 querendum
2620 665 2824 701 censeo.

1766 722 1985 773 Quidam
2030 723 2239 773 codices
2272 723 2486 788 babent,
2534 727 2601 775 Et
2644 726 2827 791 reflexa

1763 803 1893 848 retro
1914 802 2031 848 dost
2050 814 2225 848 cornua
2248 800 2451 851 barbara
2470 801 2700 851 bombum.
2733 802 2826 851 Pi-

1764 890 1843 924 us.
1914 876 1983 925 Et
2005 875 2200 925 reboant
2231 890 2429 925 raucum
2451 882 2581 926 retro
2604 878 2702 927 cita
2722 893 2825 927 cor-

1762 966 1859 1000 nua
1913 952 2143 1001 bombum.
2237 952 2393 1001 Hunc
2448 966 2651 1002 versum
2700 953 2825 1002 olim

1762 1027 1989 1091 ὦβέλισα,
2029 1034 2270 1092 tanquam
2304 1028 2535 1091 spurium
2569 1035 2625 1077 et
2662 1029 2825 1079 inter-

1753 1104 1973 1167 jectum,
2006 1103 2239 1168 quamvis
2275 1117 2391 1152 eum
2438 1104 2723 1167 repererim
2768 1104 2823 1153 in

1764 1178 1911 1229 libris
1932 1192 2187 1229 manuscr.
2206 1192 2309 1227 non
2333 1185 2505 1227 tamen
2530 1193 2633 1228 uno
2668 1179 2820 1228 modo

1762 1256 2033 1320 scriptum.
2122 1256 2188 1304 In
2248 1255 2509 1304 nonnullis
2554 1255 2691 1303 enim
2747 1255 2821 1305 ita

1764 1332 1991 1396 scriptus
2026 1338 2125 1394 est,
2159 1333 2233 1380 Et
2264 1336 2451 1381 moene
2480 1334 2822 1381 raacumretro

1762 1411 1861 1460 cito
1892 1410 2093 1461 barbam
2130 1410 2372 1461 bombum.-
2428 1411 2479 1459 in
2502 1411 2819 1460 Memmiana

1762 1500 1887 1536 vero
1921 1487 2013 1549 sic,
2040 1488 2110 1534 Et
2130 1485 2326 1535 reboant
2360 1500 2555 1535 raucum
2591 1486 2821 1537 retractu

1762 1566 1935 1612 cornua
1978 1562 2206 1613 bombum.
2240 1563 2291 1611 in
2326 1562 2592 1623 Temeno,
2610 1561 2715 1612 Aut
2746 1576 2820 1611 re-

1762 1638 1905 1687 boant
1923 1653 2116 1687 raucum
2130 1642 2263 1687 retro
2275 1638 2375 1686 cito
2393 1652 2565 1687 cornua
2582 1637 2819 1687 bombum:

1763 1730 1917 1780 quam
1941 1716 2246 1779 scripturam
2278 1719 2487 1765 secutus
2524 1729 2637 1763 snm
2662 1714 2715 1763 in
2738 1728 2819 1763 se-

1762 1790 1931 1840 cunda
1966 1790 2197 1840 editione
2222 1796 2281 1840 ut
2302 1792 2453 1853 longe
2482 1792 2707 1839 omnium
2724 1804 2817 1854 op·-

1763 1866 1960 1927 timam,
1976 1866 2293 1931 eandemque
2317 1880 2459 1915 nunc
2473 1866 2691 1915 retineo.
2716 1866 2819 1914 Pa-

1762 1942 2000 1992 risienses
2034 1950 2207 1992 autem
2238 1957 2352 1991 cum
2377 1942 2562 2006 quibus
2595 1956 2816 2004 congru-

1759 2025 1855 2067 unt
1874 2016 2049 2067 Aldini
2070 2016 2407 2082 antiquiores,
2440 2016 2494 2065 in
2516 2017 2625 2081 ejus
2646 2018 2817 2066 locum

1758 2094 1971 2154 habent,
2014 2095 2074 2142 Et
2116 2094 2297 2157 reflexa
2336 2098 2465 2143 retro
2496 2095 2615 2143 (lunt
2644 2108 2818 2144 cornua

1760 2170 1964 2217 barbara
2007 2167 2239 2217 bombum.
2306 2169 2420 2230 Ego
2455 2181 2625 2231 neque
2658 2169 2818 2231 hunc',

1760 2258 1926 2308 neque
1973 2244 2107 2305 illos,
2146 2243 2486 2292 Lucretianos
2526 2256 2641 2291 esse
2675 2242 2815 2292 urbia

1670 2342 1677 2347 ·
1762 2327 1891 2370 tror.
1956 2320 2200 2383 Suspicor
2233 2326 2427 2381 autem,
2463 2319 2693 2383 quisquis
2726 2319 2818 2369 hos

1762 2410 1941 2445 versus
1972 2394 2256 2458 affinxerit,
2274 2409 2391 2445 eum
2416 2395 2733 2444 Catullianos
2756 2395 2816 2443 it-

1759 2474 1837 2521 los
1874 2480 2142 2535 spectasse
2176 2472 2230 2520 in
2266 2471 2499 2521 carmine
2536 2470 2605 2519 de
2644 2471 2815 2534 Nupta

1760 2548 1911 2598 Pelei
1934 2554 1991 2597 et
2028 2547 2183 2597 Thet.
2253 2547 2269 2573 ‘
2289 2547 2562 2609 Multaque
2592 2546 2814 2596 rauciso-

1756 2640 1855 2675 nos
1869 2624 2116 2675 efflabant
2139 2638 2333 2674 cornua
2366 2624 2599 2686 bombos,
2618 2623 2813 2674 Barba·

1761 2714 1919 2767 raque
1935 2702 2167 2751 horribili
2186 2701 2475 2750 stridebant
2488 2715 2683 2750 cornua
2694 2715 2817 2751 can-

1765 2777 1857 2828 tu.’
1901 2778 2069 2827 Lomb.
2159 2777 2244 2828 Ita
2287 2778 2475 2841 partim
2520 2778 2819 2842 conjectura

1762 2855 1970 2915 ductus,
1993 2854 2183 2917 partim
2222 2868 2253 2902 a
2286 2858 2389 2902 vet.
2424 2852 2569 2903 libris
2602 2853 2813 2917 adjutus

1764 2932 1998 2982 restitui.
2065 2931 2151 2979 Ita
2175 2935 2229 2979 et
2253 2929 2487 2980 Catullus
2512 2930 2577 2979 de
2601 2930 2817 2993 Nuptiis

1761 3006 1929 3057 Pelei.
1995 3004 2273 3055 Lambinus
2286 3005 2420 3053 bunc
2445 3002 2595 3052 tollit.
2648 3004 2811 3053 Male.

1762 3082 1827 3131 In
1865 3088 1975 3131 vet.
2012 3080 2315 3146 quibusdam
2338 3086 2393 3128 et
2436 3079 2573 3142 vulg.
2606 3084 2814 3130 revocat.

1759 3157 1824 3206 In
1870 3156 2204 3221 quibusdam:
2250 3155 2464 3205 barbita.-
2516 3156 2668 3205 male.
2720 3156 2815 3204 Gi·

1747 3234 1862 3294 san.
1956 3232 2200 3281 Retrocita
2241 3245 2429 3279 cornua.
2476 3228 2560 3281 Al.
2598 3230 2815 3283 barbara.

1763 3310 1923 3358 Hunc
1983 3321 2183 3356 versum
2248 3308 2491 3356 Lucretio
2547 3306 2814 3371 abjudicat

1761 3384 2039 3434 Lambinus
2060 3400 2074 3432 ι
2108 3383 2198 3433 sed
2220 3382 2514 3445 Lucretius,
2546 3384 2748 3446 opinor,
2770 3384 2814 3431 si

1765 3461 1984 3522 viveret,
2004 3460 2069 3509 ad
2098 3460 2221 3509 alios
2251 3458 2457 3522 judices
2486 3467 2813 3522 provocaret.

1765 3537 2033 3600 Interpres
2056 3536 2260 3584 scilicet
2278 3547 2379 3583 non
2402 3534 2627 3597 viderat,
2645 3550 2812 3601 neque

1767 3612 1916 3661 multi
1944 3610 2145 3670 vident,
2168 3609 2292 3673 quid
2329 3610 2539 3658 tandem
2578 3610 2701 3659 illud
2744 3612 2815 3660 sit

1757 3687 1983 3737 retrocita
2006 3684 2223 3747 barbara,
2262 3686 2342 3734 vel
2375 3687 2599 3735 retrocita
2618 3701 2810 3739 cornua.

1763 3761 1841 3811 At
1866 3775 1964 3824 ego
1983 3761 2159 3809 videor
2182 3761 2381 3811 firmare
2406 3777 2573 3826 posse,
2594 3762 2815 3827 intelligi

1756 3837 1880 3886 illud
1909 3836 2307 3885 instrumentum
2338 3839 2604 3900 musicum,
2640 3840 2810 3903 Syria-

1754 3930 1851 3975 σω,
1880 3913 2083 3975 opinor,
2100 3913 2329 3975 originis,
2347 3914 2481 3977 quod
2506 3914 2711 3976 sacbute,
2727 3918 2810 3965 vel

1754 3990 2075 4053 saque-bouis,
2119 4004 2365 4038 vocamus
2404 4005 2436 4038 a
2476 3992 2643 4040 veteri
2680 4006 2807 4042 voce

1750 4068 1955 4117 Gallica
1992 4081 2179 4129 θηριων,
2216 4066 2351 4129 quod
2391 4066 2596 4117 trahere
2630 4076 2729 4130 est,
2749 4075 2807 4119 et

1749 4144 1930 4205 beuter,
1962 4142 2100 4207 quod
2125 4143 2328 4205 pulsare
2361 4140 2636 4205 significat.
2698 4143 2805 4196 Qui

1748 4220 2140 4273 instrumentum
2161 4216 2285 4267 iilud
2309 4218 2557 4268 musicum
2594 4227 2806 4282 norunt,

1750 4293 1905 4347 facile
1939 4292 2230 4357 intelligent
2262 4306 2357 4344 cur
2396 4293 2412 4320 ‘
2434 4293 2700 4345 retrocita’
2726 4295 2804 4345 di-
