3200 4959
639 395 814 482 'lu-20

645 586 654 592 ·
703 575 804 622 279
841 571 886 620 Β
906 567 1206 633 contagibus]
1241 569 1287 619 1.
1311 583 1358 620 e.
1381 583 1410 619 e
1433 574 1696 618 contactu.

643 639 1025 714 ‘contagibusss
1064 661 1093 694 a
1133 645 1378 709 singulari
1423 651 1701 706 contages:

644 738 744 789 quo
781 725 946 772 utitur
987 735 1100 784 sup.
1145 724 1194 770 8.
1233 723 1346 769 734.
1413 719 1521 767 ‘Et
1562 719 1699 767 mala

643 799 806 847 'multa
845 798 1042 846 animus
1067 796 1275 859 contegi
1301 793 1532 858 fungitur
1551 793 1700 855 ejus-¹

643 881 698 922 et
729 875 778 923 4.
811 875 925 921 387.
992 872 1008 899 ⁸
1027 873 1157 924 Quae
1180 879 1401 935 contage
1425 884 1517 919 sua
1539 870 1695 934 pallo·

646 947 785 996 ribus
829 946 1000 995 omnia
1044 947 1299 1010 pingunt?
1331 955 1387 996 et
1421 944 1514 996 inf.
1555 949 1700 996 1241.

645 1029 658 1051 ⁶
675 1022 982 1090 contagibus
1005 1021 1190 1072 ibant!
1222 1021 1387 1071 lamb.

709 1102 804 1147 281
841 1097 1064 1160 Incessit]
1100 1097 1316 1147 Invasit.
1349 1095 1517 1146 Lamb.

712 1174 965 1221 maturum
997 1179 1099 1222 tum
1131 1171 1288 1235 quasi]
1332 1172 1384 1221 Si
1421 1185 1522 1220 non
1554 1171 1700 1220 addi-

644 1247 810 1298 disset
848 1249 1060 1313 ‘quesi,’
1105 1249 1309 1298 vtralatio
1351 1253 1516 1297 essett
1562 1260 1701 1296 nunc

647 1333 821 1374 autem
862 1331 942 1374 est
980 1325 1124 1374 ἐικῶν.
1191 1326 1319 1373 Tum
1349 1319 1570 1388 (inquit)
1604 1320 1703 1369 ful·

645 1413 785 1462 men,
841 1401 985 1465 quasi
1039 1408 1315 1460 maturum,
1369 1397 1562 1462 quippe
1617 1395 1703 1462 ubi

648 1487 833 1526 ventus
877 1477 1132 1540 percaluit
1165 1476 1246 1524 vel
1281 1489 1375 1523 auo
1417 1473 1581 1534 motu,
1624 1468 1707 1520 vel

651 1552 769 1614 igne
815 1551 940 1601 foris
981 1558 1260 1613 concepto,
1303 1548 1521 1613 (fulmen
1569 1547 1705 1594 enim

649 1628 774 1676 nihil
817 1626 928 1676 fere
951 1626 1092 1675 aliud
1117 1636 1219 1686 eat,
1251 1638 1401 1688 quam
1426 1631 1610 1672 ventus
1634 1623 1709 1670 in-

648 1715 856 1764 census,
901 1707 961 1749 ut
997 1714 1151 1762 supra
1191 1697 1452 1761 diximus,)
1479 1704 1589 1746 tum
1611 1697 1709 1763 (in-

651 1775 832 1839 quam)
855 1773 1138 1839 perscindit
1178 1773 1354 1823 subito
1375 1770 1585 1834 nubem,
1606 1776 1706 1820 &c-

650 1852 816 1902 Iamb.

717 1931 814 1976 284
848 1927 1073 1990 Displosa
1119 1923 1334 1990 repenle]
1385 1923 1536 1987 Supr.
1591 1923 1708 1972 eod.

653 2004 744 2053 lib.
805 2007 920 2052 130.
987 2003 1168 2066 ‘Soepe
1216 2003 1289 2050 ita
1335 2001 1425 2050 dat
1486 1999 1709 2050 sonitum

653 2078 854 2143 pariter
875 2077 1077 2140 diplosa
1102 2079 1354 2139 repente.’
1385 2075 1552 2125 Lamb.

719 2153 946 2216 Diaploaa
975 2157 1165 2215 repente
1209 2151 1486 2214 opprimere
1515 2156 1570 2198 ut
1609 2149 1713 2198 coeti

653 2227 930 2290 videantur]
964 2229 1008 2278 1.
1033 2243 1076 2276 e.
1101 2232 1160 2276 ut
1191 2227 1377 2275 caelum
1415 2226 1713 2288 disploaum,

663 2303 912 2351 videatur
941 2303 1161 2364 jamjam
1203 2314 1457 2362 casurum,
1519 2309 1576 2349 et
1619 2313 1715 2349 aaa

659 2377 808 2424 ruina
867 2377 1129 2424 mortaleis
1188 2384 1452 2440 terrasque
1511 2377 1713 2425 omneis

659 2463 1045 2513 oppressurum.
1080 2449 1249 2498 Lamo.

723 2528 823 2573 286
857 2524 1135 2586 Pertentat]
1171 2524 1425 2587 Percipit,
1453 2525 1714 2588 pervadit,

658 2605 945 2662 permovet.
981 2599 1058 2648 sic
1096 2600 1240 2663 virg.
1283 2599 1481 2664 Georg.
1514 2603 1562 2651 8.
1597 2605 1715 2652 250.

660 2678 675 2704 ‘
701 2676 890 2725 Nonne
932 2674 1096 2738 vides,
1127 2683 1185 2724 ut
1226 2681 1337 2726 tota
1367 2684 1561 2726 tremor
1602 2691 1718 2740 per-

658 2758 834 2800 tentet
855 2763 1102 2814 equorum
1121 2751 1388 2815 Corpora,'
1421 2756 1522 2802 dcc.
1569 2753 1718 2802 Idem

659 2827 776 2876 AEn.
814 2831 864 2875 7.
903 2831 1018 2876 355.
1082 2826 1216 2889 ‘Ac‚
1250 2828 1369 2877 dum
1405 2829 1569 2891 prima
1606 2830 1719 2878 lues

659 2902 763 2952 udo
790 2901 1032 2964 sublapsa
1065 2916 1266 2951 veneno
1297 2903 1576 2953 Pertentat
1599 2919 1720 2953 sen-

661 2976 786 3038 sus,'
834 2980 932 3024 dte.
985 2977 1130 3026 Idem
1168 2985 1351 3027 contra
1395 2979 1462 3028 de
1505 2979 1724 3041 gaudiis,

661 3053 777 3102 AEn.
802 3055 848 3101 1.
871 3056 983 3100 506.
1049 3053 1297 3102 ‘Latonae
1342 3054 1558 3102 tacitum
1607 3069 1723 3118 per-

659 3133 872 3177 tentant
916 3127 1104 3191 gaudia
1149 3129 1370 3193 pectus,'
1419 3137 1475 3179 et
1517 3135 1566 3179 5.
1606 3135 1721 3180 828.

659 3211 676 3232 ⁶
701 3205 802 3252 Hic
881 3205 1043 3266 patris
1112 3202 1356 3254 Anclrisae
1423 3219 1721 3268 sus-pensem

659 3279 852 3328 blanda
909 3279 1131 3328 vicissim
1175 3280 1379 3330 Gaudia
1422 3287 1725 3344 pertentant

659 3353 930 3403 mentem'
975 3355 1142 3403 Lamb.

659 3460 664 3466 -
729 3433 827 3477 289
863 3429 968 3484 Quo
996 3432 1054 3478 de
1087 3445 1326 3493 concussu,
1358 3431 1466 3494 ξω]
1504 3433 1546 3480 ῐ.
1583 3448 1629 3482 e.
1658 3447 1725 3482 ex

659 3521 766 3570 qua
811 3507 1164 3570 concussione,
1218 3522 1310 3556 seu
1366 3511 1729 3574 commotione,

662 3586 764 3632 ὅτε.
799 3582 964 3630 Lamo.

740 3657 889 3719 Uber]
922 3657 1145 3720 Multus,
1165 3657 1447 3708 abundans.
1480 3660 1649 3709 Lamb-

737 3731 846 3784 Quo
865 3733 923 3778 de
939 3745 1158 3780 concussu
1172 3736 1381 3796 sequitur
1389 3735 1554 3794 gravis
1574 3736 1733 3785 Imber

665 3811 718 3856 'et
747 3807 880 3868 uber,
905 3807 1072 3855 Omnis
1100 3809 1173 3857 uti
1205 3811 1426 3858 videatur
1456 3813 1508 3860 in
1529 3811 1733 3860 Imbrem

669 3883 849 3933 vertier
873 3883 1046 3932 AEther
1068 3883 1220 3947 Aeque
1240 3886 1312 3933 ita
1339 3887 1647 3950 praecipitans
1672 3891 1734 3937 od

667 3960 893 4008 diluviem
937 3960 1174 4023 revocare]
1223 3961 1408 4011 Monet
1455 3963 1736 4025 interpres,

673 4035 848 4082 borum
897 4047 1135 4082 versuum
1175 4043 1486 4098 postremum
1523 4052 1554 4085 a
1593 4039 1735 4087 Pris-

665 4108 826 4156 ciano
857 4109 910 4156 in
943 4116 992 4158 5.
1025 4111 1387 4171 grammatices
1427 4111 1733 4175 productum

673 4181 873 4230 fuisse:
908 4184 1047 4247 quod
1088 4181 1310 4234 fortasse
1345 4189 1476 4235 tanti
1510 4201 1614 4236 non
1636 4195 1735 4249 est,

677 4265 734 4308 ut
754 4257 903 4308 anxie
927 4266 1216 4322 quaeratur:
1253 4261 1318 4310 de
1339 4263 1505 4325 primo
1529 4263 1733 4327 quidem

1331 427 1546 477 nor-An
1595 403 2017 474 VAmossum'
2048 425 2125 472 m

1768 565 2020 617 affirmare
2058 565 2295 631 possuinz
2342 564 2409 614 de
2446 565 2603 614 tertio
2637 564 2837 628 autem,

1768 658 1873 693 non
1896 643 2074 694 ausim.
2129 640 2255 700 Sed,
2277 648 2337 689 ut
2361 643 2418 690 ut
2440 642 2528 701 sit,
2549 641 2835 704 quomodo-

1769 733 1971 782 cunque
1992 720 2111 767 olim
2148 719 2333 766 tertius
2356 717 2443 766 ille
2462 719 2630 766 lactus
2652 717 2837 777 fuerit,

1770 795 2012 844 mendum
2035 795 2085 843 in
2110 807 2173 842 eo
2196 807 2312 842 esse
2335 793 2591 852 arbitror3
2624 807 2723 840 nec
2755 798 2837 854 tu,

1772 870 2010 919 aliorsum
2040 869 2139 918 ibis
2171 870 2213 918 si
2240 881 2436 917 mecum
2458 868 2625 917 otiose
2644 873 2700 916 ct
2724 867 2835 930 pla·

1772 941 1889 995 cide
1914 946 2095 994 seriem
2120 943 2390 992 verborum
2414 942 2643 1005 ipsorum
2666 947 2836 990 atten-

1775 1021 1941 1070 deris:
1975 1023 1989 1049 ⁸
2008 1018 2115 1069 Aer
2132 1017 2337 1068 videtur
2355 1019 2405 1067 in
2432 1017 2650 1066 imbrem
2680 1017 2836 1079 verti,

1773 1105 1829 1146 et
1853 1110 2098 1146 revocare
2128 1095 2193 1145 ad
2218 1093 2495 1144 diluviem?
2534 1093 2679 1142 Nihil
2720 1107 2837 1141 sen·

1774 1172 1877 1222 tis?
1940 1179 2149 1235 poteras
2203 1178 2395 1221 tamen.
2462 1169 2602 1221 Quid
2663 1167 2835 1217 enim?

1777 1248 1864 1298 lile
1883 1247 1991 1310 ae‘r,
2012 1247 2159 1310 iquos,
2180 1260 2308 1311 quas
2326 1260 2571 1296 revocare
2590 1245 2839 1294 videtur?

1777 1322 1978 1387 Ecquid
2004 1321 2212 1370 dubitas
2236 1321 2357 1385 quin
2382 1337 2478 1370 vox
2504 1322 2676 1386 aliqua
2700 1321 2839 1370 exci-

1780 1397 1935 1460 derit,
1956 1411 2071 1460 quae
2096 1399 2147 1445 in
2172 1404 2357 1462 quarto
2380 1411 2499 1446 casu
2524 1403 2666 1444 esset
2684 1397 2707 1444 ἓ
2740 1395 2841 1444 De·

1779 1474 1899 1523 inde
1924 1473 1989 1522 ad
2010 1487 2158 1536 quam
2184 1471 2431 1520 diluviem
2452 1471 2473 1520 ἴ
2496 1471 2843 1534 Ogygiaume,

1781 1559 1845 1596 an
1860 1548 2303 1597 Deucalioneam?
2336 1547 2685 1598 Quamobrem
2710 1561 2740 1594 a
2760 1543 2839 1602 me

1782 1637 1882 1672 nou
1901 1629 1982 1670 est
2006 1630 2063 1670 ut
2086 1622 2411 1684 impetretur,
2427 1623 2551 1684 quin
2574 1635 2671 1684 pro
2688 1623 2843 1683 Atque

1780 1699 1854 1746 ita
1886 1698 2195 1761 prm-spitum
2234 1699 2299 1746 od
2337 1697 2560 1746 diluviem
2605 1711 2845 1756 revocare,

1784 1774 1882 1836 legi
1900 1779 2160 1836 oporteat,
2182 1773 2336 1835 Aeque
2355 1773 2429 1820 ita
2450 1771 2659 1834 Pyrrhae
2675 1787 2759 1820 nos
2780 1773 2843 1820 ad

1782 1849 2003 1896 diluviem
2044 1861 2300 1905 revocem,-
2336 1847 2465 1897 Hor.
2498 1845 2603 1894 od.
2642 1851 2689 1894 1.-
2720 1851 2769 1895 2.
2793 1851 2840 1894 4.

1785 1928 1801 1953 ‘
1822 1924 2009 1973 terruit
2032 1924 2228 1982 urbem,
2249 1923 2464 1971 Terruit
2486 1930 2668 1984 gentes
2683 1935 2843 1984 grave

1784 2013 1851 2047 ne
1890 1999 2087 2047 rediret
2122 1999 2378 2048 Saeculum
2418 1997 2661 2060 Pyrrhae,
2710 2010 2845 2045 nova

1786 2081 2018 2123 monstra
2056 2072 2293 2138 quesne-²
2323 2073 2498 2122 Faber.
2564 2072 2843 2134 ingeniose

1788 2151 2016 2216 quidem,
2052 2157 2106 2199 at
2141 2157 2251 2198 tota
2282 2149 2395 2198 haec
2430 2149 2626 2198 critica
2650 2150 2845 2211 pendet

1787 2239 1819 2275 e
1838 2225 2144 2289 scrupulosa
2174 2225 2326 2273 nimis
2360 2225 2503 2273 vocis
2534 2225 2702 2284 istius,
2729 2227 2745 2251 ‘
2766 2239 2847 2273 re-

1788 2299 2012 2362 vocare,’
2036 2297 2401 2362 acceptatione
2426 2316 2444 2360 ς
2476 2299 2560 2348 cui
2576 2313 2679 2347 non
2702 2298 2847 2349 favet

1786 2376 1901 2439 ipse
1944 2375 2258 2424 Lucretius:
2296 2374 2400 2424 vid.
2438 2381 2489 2424 5.
2524 2379 2639 2424 256.
2681 2373 2847 2424 ‘Pars

1790 2451 1947 2499 etiam
1971 2451 2234 2513 glebarum
2260 2449 2323 2499 ad
2356 2451 2598 2498 diluviem
2637 2465 2849 2500 revoca-

1791 2533 1877 2577 tur
1898 2527 2189 2577 Imbribus?
2224 2528 2416 2576 Creeeh.

1854 2607 1947 2653 291
1985 2602 2328 2666 Praecipitatus]
2364 2603 2613 2664 Praeceps
2628 2602 2849 2652 cad‘ens:

1788 2680 1928 2730 hunc
1948 2693 2151 2728 versum
2174 2677 2382 2742 profert
2414 2677 2667 2729 Priscian.
2687 2679 2777 2728 lib.
2800 2684 2853 2728 5.

1856 2835 1954 2880 292
1987 2829 2233 2892 Diu-idio]
2284 2831 2373 2880 Sic
2402 2829 2599 2878 babent
2632 2829 2728 2879 lib.
2752 2830 2855 2878 ma'·

1795 2922 1968 2956 nuscr.
1989 2911 2004 2935 ‘
2026 2905 2321 2955 discidium⁷
2338 2913 2509 2955 autem
2536 2921 2565 2952 a
2589 2907 2754 2953 verbo
2778 2907 2856 2954 di-

1794 2981 1976 3032 sciudo
1996 2983 2169 3030 natum
2195 2990 2307 3030 est:
2340 2981 2407 3030 de
2446 2995 2547 3044 quo
2581 2995 2699 3044 sup.
2722 2982 2856 3030 dixi-

1796 3071 1927 3106 mus.
1960 3056 2129 3104 Lamb.

1857 3135 1955 3181 294
1992 3135 2079 3182 Eat
2101 3133 2243 3181 etium
2267 3147 2402 3194 quom
2423 3131 2519 3194 vis]
2576 3133 2677 3180 Est
2722 3147 2856 3193 cum,

1796 3217 1877 3257 est
1895 3209 2115 3272 quand0,
2138 3223 2276 3258 more
2298 3208 2607 3256 Graecorum
2636 3208 2858 3269 dictum,

1798 3280 1925 3330 ἔστιν
1944 3282 2054 3332 lire:
2093 3282 2232 3345 quod
2256 3283 2397 3330 valet
2424 3285 2440 3308 ⁴
2462 3283 2782 3346 aliquando‚'
2804 3287 2859 3331 et

1795 3358 2133 3406 ‘interdumt’
2166 3360 2260 3406 hoc
2303 3358 2463 3420 igitur
2492 3358 2624 3407 dicit
2664 3358 2857 3408 Lucre-

1798 3435 1935 3483 tius:
1974 3435 2237 3482 Interdum
2278 3436 2433 3482 etiam
2472 3436 2548 3483 vis
2591 3439 2734 3483 venti
2768 3449 2858 3484 ex·

1798 3510 2053 3558 trinsecus
2094 3510 2109 3536 ⁴
2130 3507 2324 3571 incita,'
2360 3509 2392 3557 i.
2416 3523 2464 3557 e.
2490 3509 2855 3572 incitatmssae.

1802 3585 1968 3633 Lamb.
1996 3585 2051 3633 Si
2072 3592 2256 3632 ventus
2276 3583 2506 3632 inclusus
2530 3584 2723 3632 nubem
2744 3599 2862 3648 pen-

1800 3674 2043 3724 rumpere
2077 3675 2175 3709 non
2211 3660 2404 3722 valeat,
2432 3677 2459 3710 a
2482 3668 2645 3712 vento
2663 3663 2866 3710 extrin-

1801 3750 1949 3786 secus
1964 3738 2275 3800 impingente
2293 3738 2524 3800 adjuvari
2542 3738 2727 3800 possit,
2738 3753 2861 3802 quo-

1806 3825 2008 3876 cunque
2028 3821 2199 3859 autem
2238 3805 2389 3860 modo
2422 3813 2755 3875 dirumpatur
2776 3829 2865 3862 nu-

1808 3888 1915 3945 bea,
1936 3893 2190 3936 maturum
2210 3885 2403 3935 fulmen
2422 3887 2630 3936 excidat
2648 3884 2864 3938 necesse

1808 3970 1905 4010 est.
1926 3977 2023 4010 vsa.
2046 3967 2095 4008 5.
2134 3961 2327 4008 Creeclz.

1871 4042 1965 4086 295
2002 4037 2199 4085 Maturo
2223 4036 2454 4100 fulnsine]
2486 4037 2575 4086 Sic
2612 4053 2726 4100 sup.
2758 4053 2863 4094 non

1810 4112 1983 4175 longe,
2030 4126 2097 4159 vs·
2118 4115 2234 4160 281.
2268 4116 2283 4138 ‘
2303 4122 2557 4161 maturum
2584 4107 2691 4161 turn
2717 4113 2861 4177 quasi

1800 4185 2035 4235 fulmen!
2069 4187 2165 4234 hoc
2211 4194 2411 4235 tantum
2448 4189 2688 4250 intereat,
2726 4188 2861 4252 quod

1796 4265 1915 4312 illic
1936 4274 2016 4314 est
2038 4264 2184 4327 εἰκὼν,
2219 4273 2275 4314 ut
2304 4267 2561 4326 diximus;
2605 4268 2689 4317 bic
2720 4282 2861 4316 mera
