3200 4959
577 395 754 465 1598

580 555 677 604 bus
700 554 834 603 bene
857 551 1057 616 cogitat
1079 549 1190 601 uti!
1222 550 1388 609 Lamo.
1452 547 1639 598 Socra-

580 631 672 680 tici
703 631 879 678 versuti
899 635 954 677 et
973 629 1234 690 βιώφελεῒς,
1253 627 1296 674 si
1319 624 1406 689 qni
1435 624 1524 672 alii
1547 636 1640 670 un-

582 721 736 772 quam
758 705 944 767 scripti
979 704 1157 753 fuere:
1195 703 1389 752 utinam
1413 699 1564 749 modo
1587 699 1639 746 in

584 782 764 830 animis
798 781 1021 829 omnium
1060 780 1319 829 hominum
1349 777 1532 840 scripti
1569 775 1642 823 ilii

579 855 770 906 forent.
837 856 939 905 Sed
965 858 1014 904 in
1039 856 1147 920 ino,
1174 857 1296 912 Quae
1317 852 1640 903 conlata—vi-

581 931 710 980 tium
734 936 814 980 eat
852 947 884 980 a
915 932 1118 980 nemine
1155 943 1376 995 unquam
1413 925 1644 978 animad-

582 1020 804 1062 versum,
827 1006 1013 1056 nedum
1038 1001 1365 1056 emendatum
1387 1011 1447 1054 ut
1463 1003 1644 1052 fuerit.

585 1085 898 1145 corruptum
920 1081 1211 1132 essefacile
1228 1082 1293 1131 ad
1321 1079 1641 1144 probandum

583 1165 684 1206 est.
735 1159 866 1209 Qnoe
889 1159 1225 1206 enimisthaec
1249 1157 1450 1206 oratio?
1501 1157 1643 1211 Quoe-

583 1247 776 1295 cumquc
812 1234 997 1282 conlata
1014 1234 1150 1293 sou-is
1175 1238 1224 1282 et
1256 1235 1492 1282 commoda
1513 1233 1643 1281 veni-

584 1305 732 1356 rent?
781 1321 930 1358 nemo
982 1323 1084 1358 nou
1130 1309 1308 1358 videat
1350 1322 1481 1372 opus
1525 1321 1642 1356 esse

585 1396 714 1431 voce
737 1383 931 1446 aliqua,
953 1385 1034 1432 cui
1057 1399 1174 1434 cnm
1195 1386 1264 1445 τῷ
1302 1385 1316 1412 ¹
1343 1383 1613 1433 commoda
1628 1381 1645 1404 '

585 1457 863 1507 convenire
887 1461 1076 1521 possit:
1113 1461 1378 1509 sententia
1393 1460 1528 1508 enim
1552 1457 1643 1506 hu-

575 1535 664 1597 jus
686 1535 806 1595 loci,
823 1542 978 1596 prout
1000 1537 1247 1584 hactenus
1269 1535 1480 1597 legitur,
1503 1533 1645 1581 nulla

586 1622 704 1658 ease
741 1609 948 1658 omnino
983 1615 1178 1671 potest,
1199 1610 1297 1658 nisi
1335 1609 1467 1669 haec,
1491 1623 1646 1674 qnam

585 1683 864 1733 verborum
895 1685 1056 1734 series
1093 1687 1349 1746 postulat:
1402 1687 1510 1734 Vas
1534 1699 1647 1734 cor-

588 1759 784 1822 rumpit
823 1773 1162 1824 quaecumque
1193 1761 1401 1808 conlata
1431 1766 1486 1808 et
1507 1763 1647 1808 coma

585 1834 740 1883 moda
761 1835 991 1885 veniunt.
1039 1835 1144 1884 Sed
1165 1837 1450 1884 commodum
1468 1838 1522 1881 et
1539 1848 1647 1882 con·

585 1910 736 1960 latum
767 1910 888 1975 quid
925 1911 1089 1960 simile
1127 1919 1217 1958 ant
1254 1906 1406 1958 affine
1429 1911 1568 1958 inter
1591 1923 1648 1956 ee

589 1997 646 2034 se
667 1985 895 2035 habent?
949 1985 1134 2050 Itaque
1158 1986 1258 2048 legi
1281 1981 1472 2034 debet:
1528 1985 1649 2040 Quae

587 2075 674 2110 con
684 2066 830 2122 gruta
838 2059 970 2119 soris
989 2067 1037 2109 et
1057 2064 1294 2110 commoda
1325 2074 1500 2124 cunque
1517 2060 1649 2108 oeni·

585 2143 710 2188 rent.
762 2138 826 2186 Ἰ.
863 2151 910 2186 e.
977 2143 992 2166 ‘
1025 2138 1376 2199 Quaecumque
1415 2141 1558 2198 grata
1593 2141 1651 2184 et

589 2214 860 2264 commoda
875 2214 993 2262 hinc
1010 2214 1152 2262 illinc
1164 2213 1536 2274 convenirent}
1548 2214 1649 2260 ὅτε.

588 2288 748 2336 Amat
769 2294 941 2336 antem
959 2294 1146 2336 tmeses
1162 2288 1452 2349 Lucretiae,
1475 2288 1552 2335 uti
1575 2288 1647 2335 in-

589 2363 737 2412 finita
765 2363 816 2411 in
837 2363 974 2412 omni
1007 2378 1196 2425 genere
1230 2363 1468 2424 exempla
1491 2361 1647 2410 fidem

587 2437 792 2487 abunde
815 2437 993 2486 facere
1015 2445 1264 2499 possunt3
1314 2437 1646 2501 quamobrem

589 2529 654 2562 ea
675 2519 874 2561 tantum
899 2511 1178 2574 proferam,
1200 2527 1316 2576 quae
1349 2514 1490 2562 circa
1513 2526 1647 2575 prae-

589 2589 899 2653 positionem
919 2589 1052 2638 hanc
1071 2590 1319 2639 memoria
1351 2587 1651 2652 suppedita-

592 2663 698 2714 bit:
735 2663 824 2712 alii
857 2665 956 2712 alia
989 2671 1292 2728 congerent.
1358 2664 1422 2713 In
1461 2669 1509 2715 6.
1532 2669 1647 2714 396.

591 2740 607 2767 ‘
633 2739 716 2788 An
735 2753 832 2789 con
855 2740 1064 2790 brachia
1087 2739 1400 2803 suefaciunt,
1418 2739 1650 2789 firmant-

593 2813 694 2878 que
745 2816 1006 2868 lacertos!
1071 2816 1274 2865 Ibidem
1319 2816 1472 2878 paulo
1515 2821 1651 2878 post,

590 2895 710 2940 455.
775 2891 790 2918 ‘
819 2891 968 2940 Unde
1007 2907 1070 2940 ca
1100 2890 1479 2954 comprendunt
1513 2891 1651 2939 inter

593 2981 668 3028 sc,
699 2981 896 3030 conque
920 2965 1236 3030 gregantur.’
1302 2965 1365 3013 In
1386 2970 1436 3014 2.
1457 2971 1651 3026 autem,

594 3047 722 3093 153.ν
775 3049 790 3072 ⁶
813 3044 916 3092 Sed
939 3044 1212 3107 complexa
1227 3048 1402 3092 meant
1418 3043 1554 3091 inter
1577 3057 1651 3103 se,

593 3133 796 3184 conque
819 3120 1064 3183 globata?
1112 3119 1176 3168 In
1199 3124 1246 3170 3.
1266 3120 1504 3184 denique,
1531 3122 1651 3168 344.

594 3195 610 3222 ‘
633 3194 738 3244 Sed
763 3195 968 3257 penitus
1003 3202 1226 3259 pereunt
1260 3196 1398 3244 inter
1435 3209 1510 3256 se,
1530 3208 1653 3242 con-

593 3285 694 3335 que
715 3271 1058 3334 putrescunt?
1090 3263 1258 3320 Faber.
1324 3269 1513 3333 Faber,
1531 3271 1654 3327 Quoe

593 3361 678 3394 con
709 3351 856 3406 grata
886 3346 1047 3406 forie.-
1103 3344 1148 3393 1.
1172 3359 1220 3394 e.
1275 3345 1290 3372 ‘
1315 3347 1651 3410 Quaecunque

595 3415 745 3484 grata
767 3426 822 3469 et
844 3421 1112 3470 commoda
1145 3421 1263 3470 hinc
1297 3421 1440 3470 illinc
1464 3435 1651 3470 conve-

593 3494 803 3558 nirent‚'
843 3498 940 3546 ὅτε.
981 3505 987 3513 “
1020 3495 1180 3544 Amat
1226 3501 1400 3545 autem
1441 3497 1650 3544 Tmeses

595 3570 885 3630 Lucretius,
917 3575 978 3618 nt
998 3569 1200 3618 infinita
1221 3570 1270 3617 in
1294 3571 1432 3618 omni
1463 3583 1653 3631 genere

595 3643 833 3704 exempia
847 3635 1051 3692 abunde
1064 3642 1400 3692 fidemfacere
1415 3652 1652 3707 possunt.

600 3717 796 3765 Greecli.
861 3715 1002 3778 Μέγα
1037 3718 1211 3778 αἴτημα
1245 3718 1454 3782 quidem
1497 3719 1653 3768 Fabri

595 3794 701 3842 ista
733 3795 1028 3846 emendatio
1068 3801 1166 3845 est.
1232 3796 1354 3844 Non
1377 3795 1512 3843 enim
1544 3800 1652 3844 tam

597 3867 820 3933 perdite,
858 3871 1056 3934 opinor,
1097 3878 1284 3920 tmeses
1315 3870 1507 3919 amavit
1547 3869 1651 3920 Ln-

597 3945 811 4008 cretius,
833 3952 892 3995 ut
913 3953 968 3994 et
1006 3946 1147 3994 binas
1181 3960 1282 3994 uno
1322 3959 1475 3993 versu
1506 3959 1651 3994 usur·

595 4038 742 4087 pare,
777 4031 832 4074 et
868 4025 1283 4088 praepositionem
1318 4023 1334 4052 ‘
1357 4029 1492 4088 con,’
1534 4027 1652 4088 plus

599 4099 753 4147 unica
795 4100 1067 4164 interjecta
1109 4114 1256 4160 voce,
1291 4114 1322 4148 a
1358 4101 1518 4150 verbo
1557 4117 1651 4152 suo

599 4174 840 4238 separare
859 4190 1075 4238 unquam
1093 4175 1142 4222 in
1166 4175 1386 4223 animum
1407 4190 1552 4224 suum
1575 4177 1653 4225 in-

600 4252 844 4302 duxerit..
883 4253 1046 4301 Recte
1069 4249 1174 4315 alii,
1193 4265 1320 4317 quos
1343 4251 1479 4302 inter
1497 4268 1652 4303 anno·

1287 407 1502 457 NOTAE
1547 403 1951 454 vAluoRmu
2002 401 2081 452 IN

1714 563 1857 606 tator
1878 562 2053 605 noster
2084 551 2397 617 marginaliS,
2432 551 2497 601 ad
2534 551 2783 626 quaestio7

1715 645 1833 680 nem
1857 631 1996 680 iliam
2014 645 2043 678 a
2066 629 2237 678 Fabro'
2256 635 2445 676 motam
2466 643 2481 687 ς
2512 628 2685 677 locum
2705 628 2785 676 ita

1713 713 2045 756 construunt:
2088 707 2157 754 Et
2176 717 2497 768 quaecunque
2512 695 2787 751 commoda

1716 782 1841 832 foris
1884 783 2090 831 conlata
2130 781 2386 830 venirent.
2452 778 2556 828 Sed
2601 778 2785 826 delen-

1717 858 1839 907 dum
1862 873 2065 907 comma
2084 866 2167 906 est
2196 863 2315 920 post
2349 856 2366 884 ‘
2389 853 2552 904 foris-⁹
2615 855 2797 903 Potu«

1717 934 1847 983 isset
1870 935 1921 981 in
1954 933 2173 982 cundem
2210 947 2441 981 sensum:
2500 931 2568 978 Et
2596 931 2787 977 conluta

1702 1011 1837 1069 soris
1876 1023 1980 1072 qucc
2028 1005 2267 1056 commoda
2318 1019 2499 1068 cunque
2544 1003 2782 1052 venirent.

1718 1086 1911 1134 Verum
1937 1085 2156 1133 alterum
2192 1081 2467 1144 elegantiae
2500 1093 2601 1128 nou
2626 1077 2788 1127 inusi-

1720 1166 1845 1209 tatae
1864 1173 2021 1208 cansa
2040 1158 2240 1208 maluit.
2280 1158 2447 1218 Preig.

1785 1237 1849 1282 19
1870 1223 2063 1282 Pur-'tim
2078 1233 2415 1296 unflmm,
2426 1227 2792 1293 pert-nuque]

1719 1309 1887 1359 Quale
1922 1321 2031 1355 esse
2054 1306 2245 1355 dolium
2268 1299 2439 1354 Da‘nai
2460 1303 2686 1352 filiarum
2704 1302 2787 1352 fe-

1719 1390 1855 1434 runt.
1898 1399 2010 1446 sup.
2052 1387 2099 1433 3.
2132 1386 2249 1430 949.
2316 1382 2332 1408 ‘
2357 1381 2427 1429 Et
2472 1393 2573 1428 non
2613 1379 2787 1429 omnia

1719 1468 1985 1524 pertusum
2010 1462 2259 1518 congesta
2274 1454 2418 1518 quasi
2440 1453 2493 1501 in
2518 1468 2611 1502 vas
2637 1454 2789 1501 Com·

1720 1535 1873 1585 moda
1897 1531 2227 1596 perfluxere,’
2250 1533 2348 1579 ὅτε.
2418 1521 2549 1580 Qnae
2574 1535 2789 1577 exstant

1719 1611 1859 1676 apud
1884 1611 2093 1659 Festum
2112 1609 2179 1656 de
2201 1607 2217 1634 ⁴
2234 1605 2371 1656 dolio
2390 1604 2639 1670 pertuso,’
2676 1618 2788 1653 mu-

1722 1687 1875 1735 tilata
1896 1693 2047 1734 sunt:
2084 1685 2193 1732 haec
2212 1689 2413 1730 tanturn
2430 1685 2549 1730 sunt
2563 1677 2791 1742 integra,

1724 1763 1740 1790 ‘
1766 1763 2045 1810 Pei-tusum
2068 1759 2259 1806 dolium
2282 1758 2496 1817 dicitur,
2518 1771 2637 1806 cum
2663 1771 2790 1805 ven-

1723 1825 1855 1886 trem
1868 1837 1905 1883 si
1912 1835 2156 1899 gnificat.'
2174 1834 2341 1885 Lumo.
2373 1833 2604 1882 Avarum
2624 1831 2788 1882 vides.

1726 1913 1923 1962 Greech.
2778 1921 2785 1930 ¹

1788 1993 1849 2038 21
1876 1991 2069 2038 Partim
2090 1989 2210 2052 quod
2230 1987 2393 2050 taetro]
2428 1985 2573 2036 Ordo
2593 1993 2649 2035 et
2672 2001 2789 2035 sen·

1727 2065 1888 2113 tentia
1930 2074 2043 2113 est:
2099 2064 2318 2128 partim,
2344 2063 2484 2127 quod
2516 2063 2791 2125 cernebat,

1724 2141 1779 2190 id
1809 2157 1897 2190 vas
1922 2156 2013 2189 suo
2040 2146 2194 2190 taetro
2224 2147 2281 2190 et
2312 2141 2575 2189 immundo
2602 2156 2789 2204 sapore

1724 2230 1784 2268 ea
1808 2217 1997 2278 omnia,
2019 2231 2131 2280 quae
2153 2221 2439 2280 receperat,
2458 2231 2786 2278 conspurcare,

1724 2291 1777 2340 id
1818 2299 1919 2353 est,
1953 2307 2141 2355 spurca
2174 2297 2229 2340 et
2251 2291 2511 2341 immunda
2547 2291 2787 2339 reddere.

1724 2369 1812 2418 Sic
1851 2369 1981 2417 Hor.
2008 2369 2171 2430 Epist.
2190 2368 2236 2415 1.
2258 2371 2308 2416 2.
2378 2367 2393 2394 ‘
2410 2367 2680 2415 Sincerum
2706 2373 2791 2414 est

1726 2444 1823 2493 nisi
1848 2460 1955 2502 vae,
1990 2444 2344 2507 quodcumque
2382 2441 2629 2505 infundis,
2647 2455 2789 2512 aces-

1727 2520 1836 2570 cit!
1869 2520 2034 2569 Lumb.

1766 2595 1855 2644 ’22
1894 2597 2206 2658 Quoecumqne
2225 2595 2485 2658 receperat]
2518 2593 2652 2642 Post
2674 2606 2787 2640 ver-

1732 2671 1851 2718 bum
1894 2676 2151 2732 receperat,
2186 2668 2535 2718 distinctionis
2568 2672 2695 2716 nota
2718 2667 2787 2715 vi-

1730 2745 1887 2794 detur
1930 2745 2185 2808 ponenda,
2228 2751 2285 2793 ut
2317 2744 2619 2792 adverbium
2662 2743 2792 2792 intus

1731 2819 1997 2869 cohaereat
2018 2835 2135 2869 cum
2172 2819 2427 2868 infinitivo
2464 2833 2789 2881 conspurcare.

1731 2895 1923 2959 alioqui
1962 2903 2052 2943 ant
2074 2895 2351 2958 legendnm
2388 2902 2529 2943 esset
2550 2898 2790 2956 receperat

1728 2973 1875 3033 intro,
1891 2978 1977 3018 aut
1994 2971 2125 3020 intua
2140 2985 2235 3034 pro
2250 2971 2379 3018 intra
2393 2969 2753 3031 accipiendum
2771 2983 2786 3016 ε

1732 3047 1868 3110 quod
1888 3047 2009 3096 huic
2038 3046 2279 3110 scriptori
2312 3059 2413 3094 nou
2444 3057 2556 3092 esse
2578 3043 2789 3092 inusita-

1731 3129 1857 3185 tum,
1888 3123 1999 3186 jam
2040 3130 2159 3172 ante
2198 3121 2568 3170 admonuimus.
2623 3119 2791 3170 Lumb.

1735 3200 2045 3262 Qua-cumque
2063 3202 2299 3260 receperat
2320 3196 2467 3244 intus.
2520 3193 2607 3242 Sic
2632 3195 2791 3242 iuter-

1734 3274 2081 3339 puugendum.
2148 3271 2443 3328 LambiuuS,
2491 3274 2678 3318 contra
2731 3268 2790 3316 li-

1733 3350 1873 3411 brae,
1896 3353 2151 3410 receperat,
2172 3347 2322 3395 intua.
2354 3343 2527 3395 Gifan.

1795 3429 1859 3472 23
1902 3423 2134 3473 Veridicic
2168 3419 2347 3483 igitur]
2398 3421 2483 3469 Sic
2521 3433 2643 3483 sup.
2690 3433 2792 3467 non

1729 3498 1912 3562 longe:
1966 3499 1981 3526 ‘
2006 3497 2199 3546 Omnia
2234 3496 2463 3544 veridico
2502 3495 2592 3557 qui
2632 3509 2795 3558 quon-

1732 3573 1851 3621 dam
1874 3587 1939 3621 ex
1959 3587 2050 3620 ore
2072 3570 2341 3634 profudit.'
2407 3569 2563 3618 Hunc
2587 3582 2793 3618 versum

1730 3657 1922 3709 autem,
1946 3656 1999 3697 et
2024 3653 2273 3712 quattuor
2293 3646 2544 3708 deinceps
2576 3649 2799 3708 sequen*

1730 3724 1850 3785 teis,
1902 3722 2099 3787 profert
2146 3721 2447 3771 Lactantius
2503 3720 2797 3772 Firmianue

1730 3799 1819 3850 lib.
1840 3803 1890 3849 7.
1908 3801 2089 3848 Divin.
2113 3797 2247 3847 Inst.
2283 3797 2452 3846 Lamb.
2566 3795 2571 3800 ’

1793 3878 1858 3924 24
1878 3875 2105 3940 Etfinem
2121 3875 2297 3922 statuit
2322 3871 2632 3936 Cuppedinis]
2668 3873 2795 3936 Epi·

1729 3964 1883 3999 curus
1908 3949 2228 4013 cupiditates
2268 3949 2582 3999 necessitate
2621 3954 2679 3996 et
2709 3962 2798 3996 na·

1729 4031 1845 4074 tura
1868 4025 2194 4074 terminabat.
2220 4037 2307 4074 eae
2341 4031 2537 4084 autem,
2560 4038 2679 4088 quae
2702 4036 2793 4072 ne·-

1729 4115 1827 4165 que
1860 4102 2119 4150 naturales
2164 4106 2359 4163 esseut,
2394 4113 2563 4162 neque
2608 4100 2795 4148 necesss

1729 4177 1895 4240 sarim,
1915 4177 2121 4227 dicebat
2144 4191 2255 4225 esse
2286 4175 2534 4236 infinitae,
2570 4183 2625 4224 et
2664 4176 2796 4222 stul-

1728 4255 1795 4302 tis
1818 4253 2111 4303 convenire.
2143 4251 2309 4301 lamb.
2378 4250 2636 4313 Epicurus
2654 4251 2794 4300 enim
