3200 4959
576 404 748 471 1404

577 563 738 613 travit
777 562 936 623 calor,
979 567 1037 609 et
1077 556 1338 609 labefacta
1379 574 1476 622 per
1513 568 1632 607 ossa

577 636 842 687 cucurrit!
883 637 928 685 si
967 636 1298 700 quis.tamen
1338 637 1496 685 malet
1527 634 1633 698 legi

575 714 904 773 concalefacta,
959 727 1064 765 non
1119 713 1400 775 pugnabo:
1455 726 1631 775 quam-

580 806 732 857 quam
765 792 972 841 videtur
1016 804 1130 839 esse
1171 788 1484 851 πλεονασμὸς,
1525 802 1633 836 con·

577 868 804 927 calefacta
834 868 956 929 igni.
1026 867 1132 916 Cur
1159 866 1294 915 enim
1329 864 1432 927 igni
1458 864 1633 927 potius

580 958 735 1006 quam
757 944 866 994 sole
891 942 910 989 ?
938 942 1108 1005 Hujus
1141 948 1314 990 autem
1351 939 1512 989 totius
1533 939 1634 989 loci

579 1020 693 1069 liaec
715 1019 972 1068 sententia
1011 1024 1120 1069 est:
1156 1017 1293 1081 quod
1329 1014 1500 1065 fracta
1529 1030 1637 1065 om·

579 1097 668 1145 nia
707 1098 870 1158 magis
914 1094 1148 1144 redolere
1199 1092 1440 1142 videntur
1482 1104 1637 1155 quam

583 1186 686 1221 non
710 1170 899 1233 fracta,
921 1169 1057 1235 quod
1089 1168 1333 1229 contrita,
1358 1166 1496 1229 quod
1527 1164 1637 1227 igni

581 1248 752 1297 victa:
787 1248 902 1295 hoec
937 1242 1232 1307 significant
1264 1250 1420 1307 atque
1467 1241 1639 1291 decla·

583 1332 726 1387 rant,
747 1324 935 1373 odores
953 1338 985 1371 a
1009 1322 1160 1371 rebus
1184 1320 1392 1384 penitus
1413 1332 1639 1367 manare.

583 1398 750 1449 lamb.
785 1398 1130 1458 Concalesacta.
1177 1397 1263 1445 Sic
1281 1411 1349 1445 ex
1371 1402 1476 1444 vet.
1493 1393 1639 1443 libris

585 1475 788 1537 scripsi,
819 1475 950 1523 licet
987 1475 1128 1537 vulg.
1171 1480 1228 1521 et
1259 1472 1464 1535 quidam
1500 1476 1641 1519 vete·

584 1562 700 1599 res:
735 1548 1066 1608 conlabefacia.
1116 1548 1236 1597 Vsa.
1271 1560 1414 1612 seqq.
1439 1553 1494 1596 et
1525 1559 1643 1593 sen·

585 1625 756 1673 tentia
801 1623 1099 1687 postulant:
1155 1622 1328 1671 conoul.
1377 1621 1480 1669 imo
1526 1620 1643 1681 ipsa

589 1698 864 1761 elegantia.
928 1698 1008 1746 Ut
1028 1696 1157 1745 nihil
1179 1695 1346 1745 dicam
1373 1694 1438 1743 de
1467 1693 1645 1743 futura

589 1774 776 1839 alioqui
799 1774 1110 1837 βιπολογίᾳ.
1147 1772 1320 1833 Gifan.

591 1892 600 1897 .
653 1854 758 1899 ⁷02
783 1849 1049 1910 Maioribus
1085 1864 1182 1899 esse
1214 1852 1420 1897 creatam
1459 1846 1647 1895 Princi-

582 1927 684 1990 piis
703 1927 828 1989 voci]
869 1927 1004 1989 voci,
1038 1927 1073 1976 i.
1113 1941 1160 1975 e.
1197 1938 1344 1982 voce,
1377 1938 1468 1974 seu
1491 1935 1647 1989 quam

589 2017 790 2055 vocem.
855 2003 1046 2053 Videre
1085 2000 1306 2066 (inquit)
1343 2002 1484 2063 licet,
1527 2001 1651 2049 odo-

592 2093 698 2129 rem
721 2086 948 2129 creatum
983 2094 1096 2129 esse
1131 2092 1197 2127 ex
1229 2077 1504 2140 majoribus
1539 2083 1647 2125 ato-

591 2157 689 2205 mis
713 2172 861 2207 voce.
926 2155 1080 2208 Quod
1111 2160 1287 2205 autem
1323 2154 1376 2202 in
1412 2154 1550 2216 vulg.
1585 2153 1648 2201 li-

591 2232 700 2281 bris
742 2238 797 2281 et
839 2244 1092 2281 manuscr.
1132 2230 1324 2292 legitur
1363 2244 1502 2291 qaam
1534 2243 1648 2289 vox,

593 2307 750 2369 culpa
773 2304 1092 2354 librariorum
1111 2304 1420 2365 scriptorum
1442 2308 1540 2363 est,
1561 2301 1650 2365 qui

593 2396 711 2430 cum
729 2380 798 2429 ad
813 2394 954 2429 oram
969 2379 1218 2428 librorum
1238 2376 1555 2440 adscriptum
1571 2391 1650 2425 re-

591 2456 870 2519 perissent,
926 2469 955 2503 e
1005 2453 1216 2516 regione
1271 2452 1490 2501 nominis
1531 2453 1653 2513 voci,

591 2546 730 2595 quam
739 2545 908 2591 vocem,
921 2530 1015 2579 hoc
1027 2529 1193 2592 ipsum
1205 2529 1256 2577 iu
1266 2534 1523 2577 texturam
1535 2543 1598 2579 ve
1605 2543 1652 2577 r-

598 2607 781 2657 borum
805 2608 1016 2655 Lucret.
1041 2604 1406 2666 conjecerunt:
1441 2604 1651 2667 deiude,

597 2697 714 2731 cum
740 2681 794 2741 ii,
817 2681 882 2729 ad
901 2693 1028 2744 quos
1051 2678 1171 2729 libri
1193 2680 1268 2729 illi
1286 2688 1653 2743 pervenerant,

597 2758 737 2806 hunc
794 2770 992 2805 versum
1039 2764 1257 2819 propter
1298 2756 1550 2821 syllabam
1598 2759 1653 2807 in

598 2834 758 2883 tertio
804 2833 938 2896 pede
971 2840 1323 2895 superantem,
1359 2848 1474 2883 esse
1513 2848 1656 2881 men·

598 2910 780 2958 dosum
799 2909 1072 2965 sentirent,
1107 2909 1482 2959 substituerunt
1515 2926 1655 2973 quam

597 3000 708 3033 vox.
775 2983 859 3032 Ita
881 2983 1181 3032 Lucretium
1215 2983 1402 3033 vitiose
1436 2991 1492 3035 et
1513 2999 1655 3033 men-

601 3060 725 3109 dose
747 3075 838 3109 sua
861 3060 1037 3124 lingua
1058 3060 1357 3124 loquentem
1394 3060 1654 3111 fecerunt.

597 3136 738 3185 Nam
793 3150 908 3185 cum
964 3137 1266 3200 conjunctio
1319 3137 1539 3203 ‘quam,'
1598 3144 1657 3187 ut

601 3219 816 3272 ceterae‚
849 3213 1062 3276 copulet
1099 3214 1311 3263 simileis
1347 3228 1520 3277 casus,
1558 3215 1656 3263 La-

602 3288 712 3336 tine
746 3288 852 3338 dici
894 3303 996 3338 non
1040 3297 1234 3352 potest,
1278 3290 1488 3340 ‘videre
1531 3291 1658 3341 licet

599 3362 812 3411 odorem
829 3364 1097 3426 majoribus
1115 3366 1380 3429 principiis
1397 3374 1657 3429 constare,

601 3453 754 3503 quam
811 3438 944 3486 vox!
999 3440 1166 3491 Lamb.
1241 3442 1507 3501 Maioribus
1559 3458 1660 3492 esse

602 3520 807 3563 creatum
824 3515 1076 3577 principiis
1099 3532 1236 3578 quam
1255 3533 1364 3565 vox.
1430 3519 1659 3580 Egregia

604 3591 841 3639 Lambini
862 3592 1196 3653 conjectura:
1238 3592 1510 3655 legendum
1541 3594 1659 3642 voci.

605 3666 669 3715 In
713 3666 858 3714 libris
897 3675 1105 3715 autem:
1161 3683 1298 3730 quam
1343 3684 1450 3717 vox.
1524 3667 1660 3717 Vide

605 3739 870 3788 Iudicem:
919 3741 933 3769 ‘
961 3741 1280 3803 Comparat.’
1319 3742 1487 3801 Gifan.
1528 3742 1661 3803 Voci‚

606 3815 653 3864 1.
677 3829 724 3863 e.
747 3814 1028 3878 majoribus
1052 3818 1316 3881 principiis
1359 3834 1511 3880 quam
1545 3826 1665 3869 sunt

605 3890 748 3947 ,vocis
767 3890 1039 3954 principia.
1075 3894 1246 3943 Faber.
1274 3902 1330 3944 et
1350 3895 1542 3943 Creech.

672 3972 766 4017 ⁷05
810 3970 968 4025 Quare
1005 3972 1150 4019 etiam
1185 3976 1306 4034 qaod
1339 3973 1456 4035 olet]
1489 3976 1665 4025 Quare

607 4042 827 4107 (inquit)
863 4044 1061 4094 videbis
1095 4061 1196 4095 non
1233 4062 1342 4097 esse
1383 4056 1486 4097 tam
1509 4048 1665 4099 facile

601 4118 842 4183 ,vestigiis
867 4124 1156 4183 exquirere,
1188 4122 1277 4171 ubi
1315 4124 1385 4173 sit
1425 4124 1496 4186 id,
1527 4126 1666 4190 quod

611 4193 736 4253 olet,
757 4194 790 4241 i.
814 4208 862 4243 e.
886 4196 1022 4258 quod
1054 4197 1266 4249 odorem
1303 4200 1484 4263 mittit,
1515 4216 1666 4264 quam

609 4267 777 4322 facile·
817 4276 918 4333 est,
973 4285 1286 4335 cognoscere
1331 4284 1387 4327 et
1436 4279 1667 4342 reperire

612 4346 748 4399 unde
769 4346 1145 4403 mittaturvox.
1175 4350 1342 4403 Lamb.

1277 416 1492 467 No‘rAE
1541 414 1937 464 VARIORUM
1988 414 2066 461 IN

1768 559 1864 607 ’107
1899 554 2197 617 Refrigescit
2215 550 2383 617 plaga]
2420 548 2507 601 Ad
2544 550 2643 601 boc
2676 562 2760 599 ru

1703 633 1829 683 ferri
1852 634 2009 683 debet
2042 632 2168 682 illud
2210 632 2345 697 quod
2386 630 2453 679 de
2486 630 2601 679 loce
2634 644 2765 693 quo-

1706 712 1824 761 dam
1866 710 2229 775 Xenophontis
2270 709 2394 758 alibi
2434 708 2633 769 notari,
2670 706 2761 755 ubi

1706 787 1869 851 θερμὸν
1904 784 2229 851 pessimeab
2264 782 2641 847 interpretibus
2672 795 2761 829 ac·-

1706 870 1919 927 eeptum
1974 870 2071 912 est.
2138 862 2275 911 Nam
2326 860 2343 887 ⁸
2365 857 2583 921 vestigia
2632 854 2768 905 fera·

1708 939 1855 1001 rum,'
1892 954 1985 987 seu
2009 938 2221 987 odorem
2252 936 2557 997 impressum
2588 946 2618 981 a
2650 945 2765 981 cor·

1708 1030 1835 1079 pore
1852 1014 2163 1079 quiescentis
2202 1010 2333 1061 ferre
2368 1008 2767 1073 significance·

1708 1096 1875 1140 terum
1897 1104 1991 1153 per
2010 1091 2025 1117 ⁴
2048 1089 2247 1151 plagam
2262 1084 2509 1135 calidam’
2529 1085 2766 1146 intellige

1710 1166 2074 1223 recentiorem,
2095 1171 2252 1227 atque
2276 1160 2406 1210 adeo
2424 1160 2767 1211 actuosiorem

1712 1257 1801 1292 seu
1841 1240 2107 1291 efficacem
2143 1238 2319 1302 magis.
2382 1238 2443 1287 In
2488 1250 2551 1284 eo
2590 1243 2767 1285 autem

1713 1314 1915 1381 poetice
1935 1316 2179 1379 loquitur.
2246 1315 2465 1368 Constat
2486 1311 2769 1361 intensissi-

1712 1407 1849 1442 mum
1891 1391 2053 1455 frigus
2088 1390 2293 1441 obstare
2324 1387 2563 1439 effusioni
2597 1387 2770 1437 liberi-

1715 1470 1793 1518 ori
1831 1468 2063 1517 odorum.
2099 1467 2270 1516 Faber.
2336 1462 2585 1527 Sequenti
2618 1474 2769 1511 versu

1714 1547 1730 1574 ‘
1750 1547 1901 1609 plaga
1915 1545 1931 1569 ⁷
1954 1545 2147 1594 dicitnr
2164 1544 2181 1571 ‘
2196 1541 2399 1603 calida,’
2413 1542 2633 1604 ideoque
2652 1537 2772 1589 dum

1718 1626 1991 1671 cunctatur
2030 1618 2343 1682 refrigescit.
2420 1618 2643 1667 Constat
2680 1630 2769 1663 au·

1718 1708 1824 1751 tem
1847 1699 2245 1748 intensissimum
2266 1695 2428 1759 frigus
2466 1691 2773 1744 obstare-ef-

1719 1776 1913 1828 fusioni
1934 1775 2161 1824 liberiori
2176 1772 2409 1822 odorum.
2456 1770 2521 1819 In
2540 1768 2777 1817 omnibus

1720 1853 1939 1902 vetustis
1985 1849 2361 1912 exemplaribus
2405 1862 2502 1895 vss.
2544 1843 2775 1895 Lucre-tii

1722 1929 1795 1977 sic
1810 1930 2081 1991 leguntur:
2110 1924 2397 1985 Refrigescit
2413 1924 2543 1972 enim
2550 1924 2773 1969 cunctan-

1720 2007 1781 2053 do
1804 2006 1949 2067 plaga
1968 2018 2051 2066 per
2084 2016 2243 2062 auras,
2278 2000 2383 2049 Nec
2415 2000 2569 2048 calida
2590 1998 2652 2047 ad
2670 2012 2779 2046 sen-

1720 2094 1821 2129 sum
1836 2080 2089 2127 decurrunt
2108 2076 2277 2125 nantia
2296 2090 2473 2123 rerum.
2542 2071 2775 2122 Recedes

1723 2170 1752 2203 a
1791 2170 1940 2206 sensu
1977 2154 2212 2204 Lucretii
2234 2158 2305 2202 et
2344 2153 2416 2201 rei
2458 2150 2701 2210 veri-tate,
2734 2148 2779 2199 si

1724 2234 1741 2260 ⁶
1762 2231 1943 2280 nuntia
1966 2230 1979 2253 '
2036 2236 2305 2279 construas
2360 2243 2477 2278 cum
2532 2228 2549 2255 ‘
2570 2227 2721 2289 plaga
2741 2223 2775 2274 ι’

1720 2305 1875 2355 Voss.
1902 2304 1964 2353 ad
1989 2304 2179 2353 catull.
2202 2319 2255 2366 p.
2279 2307 2391 2352 173.
2429 2302 2621 2351 Creecb.

1788 2385 1885 2431 ⁷08
1922 2382 2027 2431 Nec
2065 2380 2220 2431 calida
2260 2382 2325 2428 ad
2358 2394 2541 2427 sensnm
2574 2377 2782 2427 decurrit

1724 2460 1892 2507 nuntia
1933 2459 2113 2521 rerum]
2156 2459 2247 2508 Sic
2304 2457 2529 2518 restitui,
2572 2462 2783 2505 secutus

1724 2533 1945 2583 obscura
1996 2535 2191 2583 veteris
2233 2534 2503 2595 scripturae
2548 2531 2787 2595 vestigia,

1726 2610 1995 2673 ipsamque
2032 2610 2165 2658 adeo
2200 2609 2504 2658 veritatem:
2537 2606 2790 2657 ‘nuntia’

1729 2686 1862 2735 enim
1882 2686 2081 2734 numeri
2110 2686 2381 2765 singularis
2404 2690 2485 2733 est
2519 2684 2617 2741 boc
2650 2684 2787 2746 loco,

1736 2762 1939 2824 generis
1982 2760 2253 2823 foeminini,
2290 2767 2347 2809 et
2382 2760 2616 2809 cohaeret
2670 2772 2787 2808 cum

1732 2836 1935 2887 nomine
1958 2836 1973 2863 ‘
1996 2834 2183 2899 plaga,'
2216 2844 2275 2884 ut
2298 2835 2365 2885 sit
2386 2835 2469 2883 hic
2492 2834 2791 2898 ordo,haec-

1733 2926 1833 2975 que
1854 2912 2113 2961 sententia
2148 2910 2451 2960 verborum:
2492 2910 2610 2959 Nec
2635 2910 2791 2973 plaga

1734 2988 1963 3036 decurrit
1988 2986 2053 3035 ad
2094 3000 2271 3035 sensus
2305 2974 2470 3035 calida
2504 2986 2703 3047 mmtia,
2734 2984 2791 3033 id

1733 3069 1834 3124 est,
1882 3077 2065 3112 recens
2116 3063 2399 3113 nuntiatrix
2452 3076 2641 3111 rerum.
2702 3061 2792 3111 Sic

1734 3140 1850 3189 eod.
1871 3140 1959 3189 lib.
1981 3138 2076 3188 inf.
2106 3143 2249 3190 121⁷.
2283 3141 2298 3168 ‘
2317 3140 2517 3189 Nuntia
2552 3138 2791 3201 praeclari

1736 3217 1921 3273 voltus»,
1958 3215 2257 3279 pulchrique
2294 3213 2510 3264 coloris.’
2545 3222 2603 3262 et
2638 3218 2687 3263 6.
2706 3219 2791 3263 75.

1736 3292 1887 3342 ‘Nec
1926 3291 1993 3340 de
2024 3304 2243 3355 corpore
2271 3305 2385 3356 quse
2424 3297 2601 3339 sancto
2636 3290 2793 3338 simu·

1736 3370 1877 3417 lucra
1913 3368 2150 3418 feruntur
2188 3368 2250 3417 In
2274 3366 2492 3415 menteis
2530 3366 2790 3415 bominum

1736 3446 1927 3495 divinae
1960 3445 2143 3494 nuntia
2177 3442 2394 3505 formae,’
2426 3445 2526 3491 διο.
2590 3442 2677 3492 Sic
2710 3442 2790 3491 M.

1735 3522 1872 3571 Tull.
1890 3521 1978 3571 lib.
1991 3526 2038 3569 1.
2056 3521 2123 3569 de
2138 3520 2292 3570 Orat.
2310 3519 2376 3567 ad
2394 3520 2461 3571 Q,
2477 3520 2619 3569 Frat.
2637 3520 2651 3548 ‘
2670 3518 2794 3567 His-

1738 3598 1871 3647 toria
1894 3597 2041 3647 testis
2072 3603 2379 3658 temporum,
2412 3596 2503 3643 lux
2536 3594 2793 3657 veritatis,

1738 3674 1848 3723 vita
1868 3673 2149 3734 memoriae,
2172 3672 2423 3734 magistra
2450 3672 2595 3735 vitm,
2612 3671 2796 3719 nuntia

1738 3747 2049 3799 vetustatis-³
2136 3749 2327 3796 Errant
2370 3748 2552 3811 igitur,
2594 3748 2683 3812 qui
2728 3762 2797 3796 ex

1737 3826 1817 3874 his
1852 3825 1979 3875 locis
2017 3825 2235 3888 probare
2272 3830 2543 3886 conantur,
2576 3824 2797 3873 nuntiam

1738 3902 2118 3953 substantivum
2151 3901 2384 3949 neutrius
2415 3902 2619 3963 generis
2638 3900 2797 3952 usita-

1742 3984 1849 4026 tum
1874 3990 2022 4025 esse:
2057 3991 2175 4025 nam
2212 3975 2267 4025 in
2301 3976 2399 4036 liis,
2433 3978 2449 4005 ⁴
2471 3977 2629 4039 plaga
2666 3990 2799 4024 nun·

1742 4052 1850 4113 tia,'
1872 4058 1925 4100 et
1944 4052 1961 4079 ‘
1980 4051 2257 4101 simulacra
2277 4051 2495 4114 nuntia,'
2521 4050 2798 4115 perspicue

1742 4143 1840 4177 vox
1864 4128 1881 4155 ‘
1899 4128 2081 4179 nuntia
2098 4126 2113 4149 '
2134 4135 2219 4177 est
2242 4128 2307 4175 ad
2328 4142 2513 4177 nomen
2534 4128 2797 4191 adjuncta,

1742 4216 1835 4253 seu
1886 4203 2182 4267 adjectiva:
2232 4204 2341 4252 illic
2394 4203 2599 4267 quidem
2653 4202 2797 4252 foem.

1734 4294 1861 4341 gen.
1916 4280 2114 4329 numeri
2154 4280 2283 4341 sing.
2326 4278 2413 4328 hic
2458 4293 2579 4329 vero
2628 4286 2800 4329 neutr-

1744 4355 1943 4408 numeri
1990 4354 2351 4407 multitudinis.
2382 4354 2551 4407 Lamb.
2615 4356 2799 4407 Decur-
