3200 4959
632 418 807 487 14⁷2
1325 431 1541 482 nora:
1590 430 1994 483 vammum
2041 432 2119 482 m

634 575 794 642 gitur,
822 572 970 640 meg.
995 579 1045 628 1.
1066 574 1163 628 snb
1194 574 1367 626 finem.
1434 575 1503 626 In
1540 591 1606 626 ea
1637 575 1700 626 li-

632 652 781 703 brum
806 667 977 714 suum,
994 666 1144 716 quem
1165 651 1219 701 in
1238 652 1415 701 urbem
1432 653 1697 712 mittebat,

632 730 927 794 alloquitur,
958 730 1108 794 eique
1149 729 1390 781 mandata
1423 729 1499 777 bis
1524 729 1696 778 verbis

631 807 751 856 dati
786 806 802 833 ⁴
826 807 1107 872 Postquam
1124 805 1177 854 in
1196 805 1443 855 museium
1456 813 1693 854 nostrum

628 882 947 946 perveneris,
971 882 1043 932 ibi
1082 879 1270 932 fratres
1304 887 1422 930 tuos
1445 879 1694 943 aspicies,

626 971 793 1022 parve
829 958 993 1020 liber3
1026 973 1151 1023 qnos
1172 972 1271 1021 ego
1303 957 1486 1006 eodem
1510 957 1694 1006 studio

628 1032 889 1097 qnondam
910 1033 1161 1098 produxi3
1194 1034 1477 1098 Plerosque
1514 1045 1692 1080 omnes

624 1107 781 1158 facile
820 1110 1110 1174 agnoveris,
1151 1110 1349 1175 qnippe
1392 1109 1480 1173 qui
1508 1107 1690 1158 titulos

626 1193 840 1250 apertos
860 1187 1170 1249 ostendant3
1204 1186 1297 1236 sed
1322 1185 1505 1249 procul
1537 1183 1606 1232 'ab
1627 1183 1687 1230 il-

624 1261 691 1311 lis
728 1267 837 1312 tres
878 1262 932 1311 in
975 1262 1157 1312 intimo
1195 1262 1385 1324 angulo
1419 1259 1688 1310 latitantes

624 1335 845 1397 videbis,
888 1337 996 1402 qui,
1026 1340 1129 1386 ὅτε.
1160 1351 1249 1387 eos
1288 1351 1419 1386 cave
1458 1336 1686 1396 salutes;

623 1425 740 1463 cnm
760 1413 897 1466 enim
920 1419 1003 1463 tot
1034 1413 1157 1463 mihi
1192 1412 1519 1464 calamitates
1544 1418 1686 1462 attu-

620 1489 801 1552 lerint,
822 1490 1163 1554 parenticidae
1201 1490 1369 1554 potius
1400 1503 1553 1553 quam
1582 1488 1688 1539 alio

625 1569 810 1634 quovis
844 1568 1049 1618 nomine
1091 1568 1188 1618 tibi
1231 1567 1451 1617 vocandi
1494 1566 1686 1618 erunt.'

620 1644 725 1693 Sed
751 1642 963 1707 poetam
992 1644 1160 1706 ipsum
1183 1643 1361 1693 audire
1392 1643 1551 1692 satius
1572 1648 1685 1693 estz

621 1717 697 1768 sie
734 1718 895 1780 igitur
938 1717 1155 1767 scribit:
1205 1719 1220 1746 ‘
1244 1717 1373 1768 Cum
1412 1723 1589 1766 tamen
1629 1717 1686 1766 in

619 1796 856 1840 nostrum
896 1789 1057 1840 fueris
1100 1792 1373 1854 penetrale
1416 1798 1688 1854 receptus,

620 1863 1015 1931 Contigerisque
1038 1873 1177 1916 tuam
1203 1867 1392 1916 scrinia
1412 1879 1573 1915 curva
1592 1865 1686 1916 do·

618 1955 791 2003 m-um;
825 1940 1095 2005 Adspicies
1132 1941 1241 1990 illic
1270 1941 1461 2004 positos
1498 1954 1567 1989 ex
1609 1955 1688 1990 or·

620 2016 745 2067 dine
781 2015 989 2079 fratres,
1020 2017 1165 2070 Quos
1202 2017 1429 2066 studium
1466 2022 1688 2066 cunctos

618 2092 886 2155 evigilavit
928 2092 1083 2141 idem.
1148 2091 1355 2142 Caetera
1398 2091 1553 2140 turba
1594 2105 1688 2154 pa·

618 2167 721 2220 lam
764 2167 945 2220 titulos
964 2166 1193 2217 ostendit
1222 2173 1452 2229 apertos,
1482 2168 1553 2218 Et
1590 2182 1687 2218 sua

622 2239 835 2290 detecta
879 2245 1087 2294 nomina
1130 2241 1303 2290 fronte
1342 2242 1491 2304 gerit.
1554 2243 1688 2292 Tres

616 2316 801 2380 procul
833 2316 1057 2366 obscura
1080 2318 1343 2367 latitantes
1369 2323 1519 2380 parte
1543 2317 1686 2368 vide-

616 2391 715 2455 bis,
756 2391 831 2448 Hi
868 2407 1091 2456 quoque,
1124 2392 1261 2456 quod
1303 2406 1457 2441 nemo
1500 2393 1690 2458 nescit,

622 2481 795 2517 amare
836 2465 1066 2516 docent.'
1133 2467 1341 2528 Otiose,
1374 2469 1577 2531 opinor,
1613 2471 1688 2519 le·

622 2541 777 2604 εἰσείς
813 2540 994 2605 ecquid
1027 2541 1189 2604 igitur
1226 2543 1387 2592 sentis
1409 2542 1591 2594 vitium
1630 2544 1686 2594 in

623 2624 884 2680 postremo
926 2618 1143 2668 disticho
1178 2619 1330 2668 esse?
1396 2618 1471 2666 Hi
1490 2635 1688 2684 quoque,

621 2693 742 2754 qnod
774 2706 905 2741 nemo
936 2693 1105 2753 nescit,
1126 2707 1285 2742 amare
1312 2696 1497 2744 docent.
1565 2695 1688 2746 Qua

622 2768 759 2816 enim
800 2769 1006 2817 ratione
1030 2781 1097 2816 111
1128 2781 1352 2820 QUOQUE
1386 2784 1561 2818 amare
1594 2769 1685 2818 do·

626 2850 769 2905 cent,
794 2858 909 2893 cnm
948 2851 1057 2892 tres
1100 2851 1299 2892 tantuin
1338 2845 1463 2892 artis
1487 2853 1684 2893 amato·

621 2919 715 2966 riae
755 2918 913 2966 libros
956 2918 1021 2966 ab
1057 2917 1249 2968 Ovidio
1295 2919 1519 2981 scriptos
1564 2935 1684 2970 esse

618 2993 859 3042 constet?
925 2992 1271 3044 Quamobrem
1312 3009 1429 3042 cum
1460 2993 1517 3042 τὸ
1548 3008 1684 3047 Quo-

620 3081 735 3124 eur.
756 3071 923 3120 locum
940 3068 1015 3118 ibi
1034 3069 1225 3118 babere
1238 3077 1486 3132 nequeat,
1506 3071 1682 3134 legen-

620 3145 764 3206 dnm,
782 3145 1163 3208 manuscriptis,
1194 3152 1445 3210 quantum
1482 3151 1579 3207 est,
1605 3161 1684 3196 re-

617 3221 983 3283 clamantibus,
1021 3221 1135 3270 Tres
1154 3223 1317 3284 procul
1346 3221 1543 3272 obscura
1572 3223 1684 3272 tnti-

619 3301 775 3346 toutes
822 3303 963 3360 parte
1013 3297 1213 3359 videbis,
1262 3298 1405 3349 Quos
1448 3297 1684 3362 tandem,

624 3373 822 3422 Ovidi?
890 3375 1000 3424 Hos
1032 3376 1132 3436 qai,
1174 3379 1298 3438 quod
1340 3392 1471 3426 nemo
1512 3378 1683 3441 nescit,

620 3463 781 3500 amare
822 3451 1005 3499 ἀοσεηὲ.
1072 3449 1185 3499 Hos
1228 3452 1434 3501 scilicet
1481 3453 1570 3515 qui
1613 3453 1683 3503 de

616 3531 729 3574 arte
746 3524 950 3577 amandi
975 3531 1285 3578 tractarunt.
1348 3526 1451 3574 Sed
1470 3526 1682 3578 tandem

620 3601 691 3652 sit
726 3603 933 3662 modus,
970 3609 1029 3651 et
1062 3601 1131 3652 ad
1168 3601 1405 3665 quintum
1445 3602 1682 3655 Lucretii

618 3677 803 3726 librum
822 3683 1157 3726 transeamus.
1214 3676 1463 3725 Ceterum
1485 3692 1551 3727 an
1567 3678 1681 3728 haec

620 3749 917 3801 emendatio
954 3750 1192 3814 cuiquam
1230 3766 1393 3815 nsque
1431 3751 1598 3803 adhuc
1627 3756 1680 3809 in

619 3833 849 3876 mentem
893 3827 1117 3889 venerit,
1162 3827 1364 3889 nescio,
1402 3828 1501 3876 nisi
1538 3830 1680 3892 quod

619 3901 675 3953 in
696 3901 933 3952 editione
954 3905 1103 3950 1661.
1124 3903 1193 3950 nil
1232 3904 1335 3952 tale
1358 3904 1680 3956 animadver-

620 3975 695 4036 εἰς
731 3982 791 4027 nt
813 3979 983 4028 necin
1022 3977 1247 4026 omnium
1288 3987 1568 4043 postrema,
1592 3996 1680 4030 au-

619 4049 675 4096 ni
710 4053 859 4101 1662.
914 4051 1020 4101 Sed
1059 4052 1111 4100 in
1144 4051 1240 4100 hac
1282 4059 1454 4102 tamen
1486 4055 1678 4119 aliquid

618 4126 793 4188 reperi
814 4127 955 4178 circa
976 4127 1081 4176 loci
1098 4127 1247 4190 hujus
1261 4128 1680 4194 explicationem,

620 4200 758 4263 quod
800 4202 903 4251 tale
938 4210 1037 4265 est,
1063 4212 1123 4252 nt
1148 4203 1221 4252 nil
1264 4203 1571 4270 imperitius,
1605 4207 1680 4259 nil
1713 4233 1716 4236 ·

1771 573 1976 624 bomine
1997 573 2330 626 mediocriter
2342 569 2550 626 erudito
2571 572 2841 641 indignius

1771 650 1896 714 fingi
1919 651 2102 714 possit.
2167 650 2220 700 Si
2251 657 2398 700 certe
2422 653 2487 700 ad
2511 653 2638 702 illud
2661 669 2838 704 exem·

1771 728 1914 790 plum
1957 733 2135 777 cetera
2170 727 2221 776 in
2258 742 2322 778 eo
2359 729 2488 778 libro
2525 744 2584 778 se
2624 730 2841 791 liabent,

1769 807 1920 851 tanto
1973 803 2198 852 omnium
2253 803 2478 867 pessima
2533 805 2695 855 editio
2751 813 2841 856 est

1767 883 1961 942 quanto
1973 879 2198 930 omnium
2216 879 2657 943 splendidissima.
2676 881 2838 932 Hunc

1765 952 1904 1000 enim
1952 967 2179 1017 versum,
2225 953 2241 981 ‘
2264 954 2404 1018 qnod
2447 968 2599 1005 nemo
2641 958 2833 1020 nescit,

1765 1041 1941 1078 amare
1994 1027 2223 1092 docent,'
2275 1029 2351 1079 sic
2399 1031 2472 1080 ibi
2513 1032 2834 1095 explicatum

1765 1104 1958 1168 reperi,
1975 1105 2121 1168 quasi
2159 1104 2358 1156 dixerit
2387 1105 2690 1170 poiita,‘Hi
2735 1108 2833 1159 do·

1763 1186 1886 1230 cent
1907 1193 2100 1242 amare,
2125 1181 2258 1244 quod
2293 1195 2426 1246 opus
2449 1195 2481 1231 a
2501 1191 2584 1232 me
2621 1197 2833 1247 compo·

1762 1255 1918 1304 situm
1957 1269 2070 1305 esse
2112 1270 2265 1306 nemo
2310 1256 2552 1319 ignorat?
2589 1259 2830 1310 ridicule.

1763 1331 2036 1380 Sententia
2067 1332 2202 1380 enim
2231 1333 2411 1382 Ovidii
2445 1333 2566 1398 fuit,
2587 1335 2748 1385 libros
2771 1337 2832 1385 il-

1761 1406 1840 1456 los
1862 1407 1916 1456 id
1939 1407 2126 1457 docere
2159 1409 2299 1472 quod
2333 1409 2516 1460 cuncti
2551 1411 2664 1460 sine
2689 1411 2830 1460 omni

1761 1481 2126 1544 magistrorum
2145 1495 2306 1546 opera
2334 1491 2592 1534 noverunt
2615 1501 2634 1546 ς
2666 1485 2788 1550 quid
2809 1486 2829 1536 ἰ

1762 1571 1934 1606 amare
1953 1558 2176 1609 scilicet.
2218 1559 2408 1623 Neque
2429 1559 2566 1609 enim
2591 1573 2830 1625 praecep·

1763 1637 1877 1684 tore
1898 1647 2027 1698 opus
2049 1640 2153 1698 est,
2171 1631 2227 1682 id
2251 1639 2308 1683 ut
2331 1634 2590 1685 addiscas.
2632 1635 2682 1686 Ο
2706 1648 2831 1686 acu·

1760 1715 1872 1759 tum
1883 1710 2102 1760 hominis
2109 1711 2388 1776 judicium,
2400 1711 2634 1776 quisquis
2651 1717 2830 1764 notam

1759 1785 1890 1836 adeo
1931 1787 2116 1836 bellam
2151 1801 2217 1836 ex
2269 1787 2475 1838 Merula
2507 1802 2602 1836 suo
2639 1801 2830 1852 excep·

1759 1864 1868 1909 tam
1887 1861 1960 1910 ibi
1977 1860 2372 1912 adscribendam
2395 1861 2631 1912 curavit!
2659 1863 2834 1915 Faber·

1827 1941 1954 1986 12⁷6
1999 1937 2290 2002 Concinnat]
2325 1939 2342 1965 ‘
2365 1937 2692 1988 concinnare
2727 1937 2832 2004 (iu-

1761 2012 1878 2076 quit
1900 2013 1946 2062 N
1953 2010 2123 2076 onius)
2143 2027 2176 2062 a
2197 2013 2373 2075 cinno,
2391 2013 2616 2078 potionis
2635 2027 2830 2076 genere

1759 2100 1826 2136 ex
1868 2087 2048 2137 multis
2092 2088 2374 2152 liquoribus
2417 2087 2700 2140 confecto.’
2745 2089 2830 2154 M.

1758 2163 1890 2214 Tull.
1914 2163 2070 2214 Orat.
2089 2163 2316 2227 perfect.
2355 2165 2370 2192 ‘
2393 2165 2494 2214 Est
2522 2171 2696 2214 autem
2721 2165 2831 2229 qui-

1761 2235 1878 2287 dam
1903 2238 2208 2302 interjectus
2232 2239 2371 2289 inter
2409 2240 2503 2289 hos
2534 2239 2750 2303 medius,
2769 2247 2828 2290 et

1762 2314 1909 2377 quasi
1930 2321 2266 2379 temperatus,
2301 2329 2398 2364 nec
2437 2315 2672 2364 acumine
2710 2329 2828 2379 pos·

1762 2389 2030 2452 teriorum,
2051 2403 2147 2438 nec
2181 2388 2398 2439 fulmine
2420 2396 2572 2439 utens
2593 2391 2827 2453 superio-

1761 2475 1892 2526 rum,
1913 2471 1974 2513 ut
2005 2465 2186 2512 cinnas
2207 2464 2490 2527 amborum,
2525 2471 2712 2514 neutro
2735 2480 2826 2514 ex·

1761 2539 1976 2602 cellens,
1997 2539 2266 2604 utriusque
2289 2540 2574 2604 particeps,
2594 2541 2677 2590 vel
2699 2540 2828 2589 utri·

1762 2629 1950 2678 usqne,
1985 2615 2027 2664 si
2069 2629 2249 2664 verum
2287 2615 2580 2678 quaerimns,
2601 2614 2830 2678 expersss

1763 2704 1865 2753 qno
1897 2691 2010 2740 loco
2046 2689 2097 2738 in
2127 2690 2267 2738 libris
2308 2690 2450 2752 vulg.
2483 2689 2678 2752 legitur
2711 2691 2827 2739 vici-

1759 2779 1850 2814 nas
1868 2765 2122 2814 amborum.
2157 2769 2172 2794 ‘
2193 2765 2550 2815 concinnare'
2577 2766 2827 2828 igiturest

1762 2837 2050 2904 conficere,
2063 2856 2394 2905 componere,
2428 2849 2486 2892 et
2526 2844 2674 2907 quasi
2715 2845 2826 2892 cin·-

1761 2931 1882 2966 nutn
1904 2916 2132 2968 efficere.
2167 2918 2336 2968 Lamo.

1827 2998 1955 3044 12⁷8
1989 2995 2052 3042 In
2071 2997 2211 3056 longo
2239 2994 2419 3058 spatio]
2457 2995 2540 3045 Ita
2559 2996 2792 3044 nonnulli
2808 3012 2824 3044 ε

1759 3078 1870 3120 vet.
1894 3070 2010 3118 libri
2031 3086 2046 3118 ι
2069 3071 2121 3118 id
2137 3089 2154 3120 .·
2175 3080 2337 3121 recte.
2375 3071 2543 3131 Gisan.

1824 3148 1954 3196 12⁷9
1989 3147 2310 3198 Nonnevides
2341 3150 2688 3212 ammanitas,
2715 3150 2825 3214 ξι]

1757 3221 1846 3272 Sic
1897 3236 2013 3285 sup.
2071 3227 2120 3274 1.
2163 3227 2277 3274 314.
2329 3224 2606 3274 ‘Stillicidi
2671 3239 2824 3276 casus

1757 3295 1984 3360 lapidem
2017 3299 2203 3348 cavat!
2239 3305 2296 3348 et
2332 3299 2602 3348 Cherilus:
2639 3297 2824 3364 Πέτραν

1757 3371 1983 3426 κοιλαίνει
2039 3373 2168 3436 ῥανὶς
2220 3373 2384 3424 ὕδατος
2443 3373 2730 3440 ἐνδελεχείῃ.
2782 3375 2820 3424 i.

1760 3463 1806 3500 e.
1841 3449 2126 3514 ‘Lymphae
2171 3457 2326 3512 gutta
2375 3457 2529 3500 cavat
2584 3450 2820 3514 lapidem

1759 3537 1998 3587 persaepe
2059 3524 2330 3575 cadendo.’
2393 3531 2449 3574 et
2493 3525 2822 3589 Propertius,

1758 3598 1962 3664 (exstat
1982 3598 2121 3664 apud
2151 3599 2310 3650 Ovid.
2350 3600 2416 3650 de
2447 3600 2580 3650 Arte
2605 3605 2654 3651 1.
2675 3600 2822 3665 476.)

1759 3673 1856 3730 nisi
1891 3673 2074 3724 fallor:
2107 3676 2234 3738 (non
2261 3677 2400 3724 enim
2419 3676 2548 3725 satis
2569 3676 2776 3724 memini
2798 3692 2818 3744 ².

1758 3759 1816 3799 et
1835 3764 1972 3800 nunc
1997 3752 2096 3800 alio
2131 3766 2434 3816 properans,
2458 3766 2691 3816 quaerere
2713 3766 2820 3801 non

1757 3825 1906 3887 potui
1925 3823 1972 3888 ε)
1993 3827 2010 3854 ‘
2026 3828 2166 3878 Quid
2187 3828 2348 3891 magis
2361 3835 2444 3878 est
2454 3828 2638 3878 durum
2653 3843 2780 3878 saxo
2795 3833 2818 3877 f

1759 3901 1881 3965 quid
1933 3903 2138 3954 mollius
2193 3903 2364 3952 unda?
2423 3905 2577 3954 Dura⁴
2640 3911 2816 3954 tamen

1756 3977 1900 4024 moui
1923 3991 2048 4026 saxa
2075 3985 2329 4028 cavantur
2347 3978 2512 4042 aqua!
2544 3979 2616 4028 Et
2627 3978 2818 4028 Tibull.

1757 4051 1910 4114 Eleg.
1952 4057 1997 4101 1.
2029 4056 2079 4101 4.
2121 4057 2201 4102 14.
2244 4056 2259 4083 ‘
2285 4055 2466 4118 Longa
2515 4054 2628 4104 dies
2669 4055 2818 4106 molli

1755 4141 1882 4178 saxa
1945 4131 2155 4193 peredit
2223 4130 2393 4196 aqua.’
2479 4133 2552 4182 Et
2608 4133 2816 4182 Plutar-¹

1753 4204 1881 4256 chus
1895 4205 2034 4258 libro
2067 4205 2171 4270 περὶ
2205 4207 2381 4257 παίδων
2401 4207 2608 4270 ἀγωγῆς·
2627 4205 2814 4268 Σταγό-
