3200 4959
628 437 657 500 l
670 433 799 500 520

627 583 876 647 corticem
896 592 1185 652 detrahere,
1202 597 1259 640 et
1278 590 1353 640 ita
1370 589 1610 639 deterere
1626 596 1683 639 et

626 674 879 732 minuere,
900 670 1177 734 χαλέπτειν,
1199 671 1376 723 λέπειν.
1441 672 1676 722 Nonius:

626 748 1035 810 ‘Delibratum,'
1101 750 1136 798 i.
1177 764 1227 798 e.
1277 748 1679 798 decorticatum.

618 824 779 877 Quod
814 825 878 872 ad
926 825 1237 888 principium
1290 830 1461 872 antem
1502 837 1682 872 versus

624 901 837 958 attinet,
860 901 953 948 lua
980 900 1084 963 ipsa
1124 900 1395 960 intervalla,
1428 902 1510 961 ξε.
1545 900 1681 948 hane

622 977 747 1026 item
798 975 1212 1024 emendationem
1254 976 1402 1024 initio
1441 975 1683 1037 probavit

574 1045 581 1050 ⁶
622 1052 800 1101 Zoilus
819 1057 1011 1099 totam:
1048 1050 1260 1111 deinde,
1288 1051 1549 1114 sententia
1568 1065 1680 1098 mn-

624 1135 756 1190 tata,
786 1128 861 1176 sic
897 1127 1172 1188 legendnm
1212 1127 1551 1187 existimavit,
1588 1125 1682 1174 Nil

620 1204 1023 1254 visas‘inlertalla
1044 1205 1103 1251 de
1124 1216 1314 1265 corpore
1334 1201 1502 1264 libant,
1528 1203 1682 1264 plane

622 1283 824 1347 inepte,
849 1290 903 1330 et
942 1281 1144 1339 inscite,
1175 1288 1331 1343 atque
1362 1278 1681 1327 adeoiusci·

622 1367 788 1409 enter.
820 1357 988 1406 Lamb.
1050 1357 1245 1404 Libant.
1280 1353 1504 1406 Quidam
1539 1355 1680 1416 vulg.

620 1435 813 1483 librant.
850 1431 1155 1482 Lambinus:
1178 1432 1346 1480 limant
1354 1448 1376 1489 ‚-
1392 1431 1543 1479 male.
1568 1429 1681 1489 Gis.

685 1514 783 1560 670
821 1508 1143 1570 Contrua-tior]
1176 1508 1367 1556 Minor.
1403 1507 1567 1556 Lamb.

615 1613 627 1620 —
680 1589 784 1634 572
824 1586 890 1632 Et
912 1586 1012 1632 loca
1032 1582 1251 1644 tingunt]
1302 1581 1458 1631 Refer
1490 1583 1585 1631 hoc
1614 1583 1678 1632 ad

619 1662 813 1722 lumen,
851 1673 953 1723 quo
977 1659 1089 1708 loca
1119 1661 1409 1722 tinguntur,
1446 1660 1679 1721 quamvis

618 1734 811 1783 dixerit
832 1747 1042 1781 numero
1062 1731 1407 1781 multitudiuis
1442 1734 1457 1760 ‘
1481 1740 1536 1783 et
1566 1735 1680 1782 loca

618 1811 861 1874 tingunt?
895 1809 1038 1858 calor
1067 1807 1200 1858 enim
1236 1809 1477 1870 pervenit
1497 1809 1561 1856 ad
1588 1821 1677 1857 no-

618 1893 757 1936 stros
780 1899 977 1945 seusus,
1016 1884 1048 1933 i.
1071 1898 1116 1932 e.
1148 1881 1217 1931 ad
1245 1888 1471 1931 tactum:
1504 1882 1677 1942 lumen

618 1977 712 2012 sno
752 1961 955 2024 fulgore
994 1960 1107 2008 loca
1144 1958 1319 2020 tingit.
1360 1958 1433 2006 sie
1476 1962 1527 2006 6.
1562 1963 1676 2008 172.

615 2038 765 2088 ‘Hoc
789 2038 947 2086 etiam
973 2044 1129 2098 pacto
1149 2034 1343 2083 volucri
1358 2035 1473 2082 loca
1487 2034 1678 2082 lumine

614 2113 857 2178 tingunt!
890 2111 981 2162 inf.
1022 2115 1137 2162 720.
1168 2111 1185 2138 ‘
1204 2109 1433 2158 Dimidia
1463 2124 1530 2159 ex
1562 2125 1679 2173 par-

612 2189 937 2240 ti-eandenti
979 2188 1170 2236 lumine
1212 2184 1443 2234 tinctus?
1522 2185 1678 2234 Hane

613 2263 1029 2314 emendationem
1052 2261 1202 2309 initio
1226 2260 1400 2308 Zoilus
1418 2261 1676 2323 probavit,

617 2347 738 2403 post
756 2337 959 2401 rejecit,
993 2344 1049 2386 et
1088 2336 1365 2397 vulgatam,
1400 2351 1512 2399 quoe
1546 2335 1674 2386 ferri

566 2427 571 2432 '
614 2416 757 2464 nullo
773 2414 928 2462 modo
954 2419 1147 2474 potest,
1167 2417 1214 2460 et
1244 2413 1343 2459 loca
1354 2410 1570 2473 fulgent,
1595 2428 1674 2463 re-

612 2491 804 2540 stitnit.
848 2488 1017 2538 Lamb.
1086 2489 1150 2536 Et
1186 2488 1287 2535 loca
1305 2488 1519 2549 fulgent.
1587 2490 1675 2539 Ita

612 2572 721 2616 vet.
744 2565 861 2614 libri
894 2578 1091 2625 omnes,
1126 2569 1181 2612 et
1219 2564 1355 2626 vulg.
1380 2564 1523 2612 Male
1546 2580 1673 2628 ergo

614 2642 915 2701 Lambinus,
958 2641 1167 2701 tingant.
1234 2641 1371 2689 Vide
1414 2639 1672 2692 Iudicem.

615 2718 789 2779 Gifan.
857 2720 928 2767 Et
964 2720 1064 2767 loca
1100 2718 1316 2779 tingunt.
1352 2717 1477 2777 Alii,
1504 2725 1550 2767 et
1573 2721 1675 2768 loca

596 2797 813 2858 fulgent.
882 2797 953 2844 Et
988 2809 1141 2845 versu
1180 2795 1419 2858 sequenti
1439 2795 1675 2858 filumque

608 2872 921 2922 Lambinus:
969 2871 1073 2920 vid.
1111 2886 1186 2920 vs.
1220 2874 1335 2920 581.
1374 2870 1493 2918 dum
1532 2872 1672 2934 vulg.

607 2946 830 2995 sublime:
871 2953 927 2992 et
950 2944 1188 2994 Gifanins
1219 2945 1445 3008 illimque,
1483 2945 1517 2992 i.
1540 2960 1588 2994 e.
1613 2947 1672 2995 ie-

607 3021 806 3084 lamque.
842 3021 1072 3071 Frustra.
1120 3019 1327 3068 Sublime
1354 3025 1523 3068 autem
1545 3019 1673 3070 fetri

608 3104 806 3160 potest,
830 3111 946 3147 cnm
972 3111 1045 3145 vs.
1066 3100 1182 3145 584.
1206 3095 1423 3158 legimus
1459 3097 1476 3123 ‘
1500 3097 1671 3146 Tanta

605 3173 726 3222 hinc
746 3172 981 3221 videatur
1004 3171 1053 3218 in
1075 3169 1219 3220 alto.'
1257 3171 1450 3220 Creech.

669 3253 765 3298 5⁷3
818 3247 993 3309 Debet,
1020 3247 1256 3312 filumque
1310 3246 1485 3309 videri]
1531 3229 1676 3298 Cum⁸

604 3339 806 3387 magua¹
825 3332 967 3372 esset
996 3324 1094 3371 boc
1124 3325 1239 3370 loco
1274 3324 1545 3386 scripturae
1582 3339 1668 3372 va·

606 3402 786 3457 rietas,
821 3401 1011 3463 aliique
1043 3398 1251 3447 codices
1286 3399 1558 3462 haberent,
1578 3403 1664 3448 de-

603 3477 700 3535 bet,
718 3475 912 3537 illinqne
931 3475 1124 3531 vider&
1148 3474 1256 3532 alii,
1278 3476 1519 3534 lumenque
1537 3477 1666 3523 vide-

602 3553 682 3608 ri,-
708 3553 815 3612 alii,
836 3553 1047 3612 lnnoeqne
1069 3551 1255 3604 ridet-i,-
1278 3550 1384 3609 alii,
1408 3552 1664 3612 illumque,-

604 3629 714 3685 alii,
733 3630 939 3688 itumque
971 3626 1156 3681 videm
1189 3640 1285 3687 ego
1314 3626 1437 3674 olim
1469 3627 1664 3676 sublime

598 3718 948 3768 seposueram.
1014 3702 1167 3750 Hanc
1192 3703 1323 3750 enim
1348 3704 1662 3753 sententiam

598 3778 835 3831 Lucretii
854 3792 967 3827 esse
991 3776 1370 3838 existimabam,
1406 3784 1563 3840 atque
1587 3779 1663 3828 ita

597 3857 733 3905 hanc
762 3854 1039 3905 lectionem
1072 3853 1287 3902 tuebar:
1314 3855 1551 3917 quoniam
1573 3872 1659 3905 ea-

595 3934 673 3981 lor
696 3932 820 3981 solis
843 3929 908 3979 ad
934 3944 1137 3978 sensum
1152 3938 1381 3978 nostrum
1401 3933 1659 3993 perv-enit,

542 4015 547 4022 '
597 4008 873 4070 lumenque
914 4019 1007 4054 suo
1041 4004 1407 4054 candore‘loca
1431 4009 1660 4069 complet

600 4089 759 4146 atque
794 4083 1051 4142 illust-rau
1085 4081 1337 4145 sequitur,
1360 4097 1425 4130 ex
1453 4083 1533 4148 his
1554 4083 1656 4132 for-

595 4173 732 4209 mam
776 4158 932 4207 etiam
962 4157 1091 4206 solis
1130 4172 1229 4206 nou
1260 4158 1577 4210 imminutam
1600 4161 1654 4210 in

594 4237 725 4287 eaelo
744 4250 813 4285 ex
849 4242 991 4285 terra
1012 4249 1043 4282 a
1064 4236 1213 4284 nobis
1246 4236 1426 4286 videri.
1460 4239 1656 4288 sublime

596 4319 791 4376 antem,
834 4311 869 4361 i.
896 4325 946 4362 e.
982 4311 1039 4361 in
1066 4311 1197 4376 alto,
1219 4326 1309 4362 seu
1332 4313 1385 4361 in
1409 4313 1616 4364 sublimi
1638 4330 1652 4363 ε

1328 448 1542 495 No'rAE
1592 445 1991 494 VARIORUM
2043 445 2121 494 IN

1757 601 1924 652 neque
1960 597 2044 636 est
2071 587 2212 652 quod
2244 586 2515 651 qnisquam
2555 587 2623 636 de
2643 587 2826 638 ultima

1755 664 1956 727 syllaba
1977 663 2201 713 dubitet.
2237 663 2521 726 corripitur
2543 664 2682 712 enim
2701 679 2824 714 cum

1757 740 1892 802 apud
1912 741 2067 800 hune,
2089 746 2198 788 tum
2221 740 2360 802 apud
2385 739 2686 802 Virgilium.
2721 741 2824 789 Ln-

1757 825 1885 866 cret.
1927 821 1978 866 2.
2013 821 2129 866 206.
2173 817 2189 845 ‘
2217 817 2620 879 Nocturnasque
2660 814 2824 865 faceis

1755 894 1867 942 caeli
1891 893 2108 941 sublime
2132 892 2416 942 volanteis.'
2452 893 2598 954 Virg.
2623 891 2823 954 Georg.

1755 973 1804 1018 3.
1850 974 1963 1018 108.
2015 970 2031 996 ‘
2064 969 2287 1032 Jamque
2327 967 2568 1026 humiles,
2605 967 2822 1030 jamque

1755 1044 1878 1093 elati
1901 1045 2120 1093 sublime
2159 1043 2403 1093 videntur
2437 1041 2579 1091 Aera
2613 1055 2710 1104 per
2734 1056 2822 1090 va·

1755 1133 1907 1168 cuum
1942 1118 2105 1168 ferri!
2173 1121 2304 1169 Post
2337 1119 2390 1167 in
2424 1133 2529 1168 sec.
2567 1117 2820 1180 editione,

1752 1195 1981 1245 Tui-nebi
2021 1196 2374 1258 conjecturam
2429 1200 2636 1243 secutus
2687 1207 2822 1256 snm,

1755 1271 1798 1320 si
1832 1287 1936 1320 non
1981 1273 2034 1320 in
2069 1279 2322 1321 contextu
2362 1273 2478 1334 ipso
2526 1269 2820 1332 verborum,

1757 1355 1814 1396 at
1835 1349 1886 1396 in
1911 1348 2061 1397 variis
2085 1347 2396 1396 lectionibus
2418 1360 2647 1396 seorsum
2687 1346 2822 1409 posi·

1757 1424 1842 1473 tis.
1929 1425 2100 1473 Nunc.
2138 1424 2298 1486 igitur
2354 1421 2818 1471 hanc‘lectionem

1757 1502 1909 1564 plane
1941 1508 2137 1550 rectam
2175 1514 2290 1549 esse
2316 1500 2561 1560 arbitror,
2583 1499 2819 1548 omnibus

1757 1577 1870 1626 aliis
1892 1571 2122 1640 rejectis.
2143 1577 2286 1640 filum
2307 1583 2503 1637 antem,
2525 1576 2560 1625 i.
2581 1590 2629 1624 e.
2655 1576 2817 1624 linea·

1755 1660 2006 1715 mentum,
2046 1658 2101 1701 et
2137 1653 2283 1715 qnasi
2317 1651 2504 1701 ductus
2548 1660 2816 1701 extremus

1757 1729 1915 1778 totius
1961 1728 2192 1792 corporis
2239 1728 2375 1777 solis.
2423 1729 2589 1776 utitur
2627 1725 2812 1778 eo‘dem

1755 1804 1960 1853 nomine
1983 1811 2094 1853 tum
2111 1802 2252 1861 alibi,
2273 1810 2332 1853 ut
2353 1803 2689 1864 ostendimus,
2708 1811 2816 1854 tum

1753 1881 1842 1932 inf.
1865 1883 1980 1932 eod.
2002 1881 2094 1930 lib.
2119 1897 2216 1930 non
2243 1882 2416 1945 longe,
2451 1885 2567 1931 681.
2609 1883 2626 1910 ‘
2645 1882 2816 1933 Quam

1753 1957 2017 2006 minimum
2059 1955 2240 2007 filum.²
2289 1964 2344 2007 et
2393 1957 2594 2006 Arnob.
2631 1957 2724 2007 lib.
2768 1961 2817 2008 3.

1754 2031 1872 2082 §filo
1893 2035 2052 2083 etiam
2093 2035 2236 2083 Deos
2260 2035 2608 2088 atterminatis
2641 2035 2815 2082 buma-

1753 2107 1857 2159 no.'
1923 2108 2076 2160 Quod
2118 2116 2290 2158 antem
2330 2109 2502 2158 Zoilus
2543 2111 2653 2158 vult
2691 2109 2816 2172 legi,

1751 2186 2012 2234 sententia
2031 2191 2250 2246 mutata,
2269 2186 2490 2248 illincque
2503 2185 2670 2246 videri,
2688 2183 2815 2232 ferri

1751 2275 1851 2309 non
1875 2268 2071 2323 potest.
2109 2261 2159 2310 N
2165 2275 2229 2308 on
2253 2262 2388 2309 enim
2407 2261 2696 2321 dubitatur,
2721 2267 2816 2309 ant

1753 2337 2018 2399 qua-riter,
2037 2345 2260 2400 quantus
2281 2337 2368 2385 Sol
2389 2337 2530 2385 illine
2553 2335 2816 2397 videatur,

1752 2412 1841 2459 sed
1877 2419 2099 2475 quantus
2134 2413 2272 2473 hinc,
2302 2412 2355 2461 id
2389 2421 2468 2462 est
2489 2427 2556 2462 ex
2580 2414 2693 2462 loco
2721 2413 2812 2462 ubi

1750 2503 1938 2538 sumus.
2004 2490 2108 2538 Sed
2149 2491 2294 2553 piget
2329 2505 2410 2539 me
2440 2491 2572 2540 hauc
2594 2491 2814 2555 ineptis-

1747 2565 1924 2614 simam
1946 2566 2222 2615 lectionem
2250 2566 2508 2628 refellere,
2541 2582 2635 2615 sna
2657 2581 2811 2630 spon-

1749 2647 1804 2690 te
1843 2642 2152 2704 confossam,
2199 2650 2256 2692 et
2295 2643 2588 2705 jacentem.
2636 2644 2808 2693 Lamo.

1747 2717 1833 2766 Sie
1858 2718 2039 2766 Lamb.
2077 2733 2108 2767 e
2149 2719 2382 2780 vestigiis
2420 2720 2523 2768 Ms.
2557 2719 2691 2768 itum.
2715 2733 2812 2782 op·

1747 2794 1891 2843 time.
1936 2808 2156 2858 namque
2197 2795 2274 2844 ita
2317 2793 2442 2842 alibi
2485 2795 2696 2844 Lueret.
2739 2796 2810 2844 al'.

1745 2869 1956 2919 sublime.
1991 2872 2180 2922 Faber.
2254 2870 2472 2932 Illimque
2492 2869 2660 2918 videri.
2715 2870 2806 2919 Sic

1747 2945 1954 2994 restitui
1979 2961 2042 2994 ex
2067 2955 2170 2996 vet.
2197 2946 2372 3006 libris;
2395 2946 2446 2995 in
2463 2945 2644 3011 quibus
2669 2954 2808 3010 erat,

1743 3021 1982 3083 illumque,
2031 3023 2268 3085 illincque.
2334 3024 2492 3086 Vulg.
2546 3023 2808 3084 lumenque.

1747 3097 2044 3160 Lambinus,
2065 3095 2277 3146 sublime.
2303 3098 2494 3147 Omnia
2516 3098 2668 3146 male.
2696 3097 2808 3156 Gis.

1807 3177 1904 3222 674
1932 3175 2120 3224 Addere
2167 3174 2296 3236 vere]
2367 3175 2491 3223 Duo
2536 3173 2654 3222 libri
2695 3185 2805 3220 tna-

1741 3263 1910 3298 unser.
1957 3249 2168 3311 babent,
2213 3250 2385 3297 addere
2426 3249 2566 3298 veris.
2621 3249 2803 3298 Lamb-

1742 3326 1804 3374 In
1827 3325 2132 3389 quibusdam
2158 3332 2260 3374 vet.
2281 3325 2425 3374 veris.
2461 3323 2574 3372 Gis.
2645 3355 2652 3362 -
2709 3349 2716 3354 ·

1805 3407 1903 3450 575
1939 3402 2164 3464 Lunaque
2182 3402 2280 3449 siue
2313 3402 2453 3449 notho
2474 3401 2646 3460 fertur
2679 3401 2804 3463 loca]

1741 3479 1902 3528 Natho
1922 3477 2113 3532 lumine,
2151 3476 2186 3526 i.
2211 3491 2258 3525 e.
2292 3477 2410 3524 lnce
2447 3491 2548 3525 non
2577 3491 2690 3536 sna,
2711 3477 2802 3526 sed

1739 3553 1938 3602 aliena:
1960 3568 2076 3616 qnae
2097 3558 2178 3600 est
2197 3552 2372 3614 opinio
2395 3552 2734 3614 probabilior,
2750 3560 2804 3602 et

1738 3630 1803 3679 ab
1825 3630 2058 3679 omnibus
2080 3627 2192 3677 fere
2218 3636 2450 3690 recepta.
2515 3628 2588 3677 Et
2611 3629 2800 3677 Festus

1735 3706 1787 3754 in
1835 3721 1960 3754 voce
2005 3703 2247 3764 ‘mulus,’
2285 3703 2414 3751 ditas
2445 3719 2632 3752 causas
2674 3702 2800 3752 affe·

1736 3795 1870 3836 rens,
1891 3779 2225 3844 quamobrem
2259 3780 2426 3828 mulus
2460 3781 2700 3830 vehiculo
2723 3781 2804 3828 lu·

1735 3871 1817 3904 nae
1840 3856 2165 3916 adhibeatur,
2183 3857 2316 3906 banc
2333 3857 2482 3920 ponit
2499 3856 2798 3917 secundam,

1735 3932 1872 3996 quod
1915 3932 2038 3980 muli
2077 3946 2178 3980 non
2213 3947 2278 3981 ex
2324 3946 2418 3982 suo
2455 3947 2668 3995 genere,
2699 3933 2796 3982 sed

1733 4023 1798 4056 ex
1823 4007 1966 4070 equis
1985 4007 2240 4058 oriantur.
2275 4007 2467 4056 Catuli.
2501 4023 2664 4058 earm.
2685 4007 2796 4058 Sae·

1731 4084 1836 4136 cul.
1864 4083 1883 4110 ⁴
1906 4084 1982 4132 Τιι
2019 4094 2204 4146 pote-ns
2239 4084 2432 4145 Trivia,
2462 4093 2518 4133 et
2539 4085 2702 4134 notho
2735 4098 2794 4134 es

1731 4161 1889 4210 Dicta
1911 4161 2104 4210 lumine
2130 4159 2307 4210 Luna.'
2342 4161 2494 4221 Vir-g.
2511 4161 2716 4223 θεοῖς.
2745 4165 2794 4209 1.

1730 4240 1846 4285 397.
1875 4239 1889 4266 ‘
1912 4236 2028 4287 Nec
2050 4235 2232 4285 fratris
2253 4236 2410 4286 radiis
2435 4236 2660 4286 obnoxia
2685 4251 2798 4286 sur-

1730 4327 1854 4377 gere
1888 4312 2068 4364 Luna?
2115 4313 2193 4362 M.
2236 4311 2376 4363 Tull.
2411 4312 2502 4361 lib.
2540 4317 2590 4362 2.
2619 4312 2686 4361 de
2721 4312 2792 4362 N.
