3200 4959
587 407 760 476 1424

587 567 706 621 libet
723 581 834 619 aaa.
881 566 968 617 Ita
989 572 1096 619 vet.
1117 566 1240 619 libri
1257 567 1422 617 nostri
1447 566 1647 630 melius,

594 658 746 708 quam
773 643 894 692 alil:
928 658 1072 693 unam
1096 645 1176 693 vel
1197 656 1335 693 unus.
1369 641 1548 692 Gifan.

1278 424 1489 475 κοτε
1537 424 1941 477 unionum
1990 428 2069 478 ιιι
2146 434 2148 437 ⁴
2197 395 2204 400 ’

1725 566 1793 618 de
1814 568 2072 619 insomnih
2090 568 2277 633 quihus
2295 570 2525 635 agitatur
2538 584 2699 636 usque
2716 569 2781 622 ad

1725 659 1800 693 vs.
1837 649 1983 695 1030.
2024 645 2327 709 disputansz
2360 660 2565 695 somnus
2608 656 2783 698 autem

661 718 880 775 Quolibet
891 718 1056 781 unam]
1075 719 1288 769 Rectius
1303 717 1476 767 forsan
1494 732 1649 782 quam
1722 718 1803 780 fit,
1840 734 1955 769 cum
1993 722 2069 771 ita
2108 720 2457 772 labefactatur
2494 723 2680 782 anima,
2726 731 2785 773 ut

593 810 707 856 nno,
721 793 817 843 viz.
835 808 1036 857 manus,
1053 796 1135 843 vel
1157 808 1278 844 unus
1292 794 1436 843 navis
1459 799 1650 843 rector.

601 870 794 921 Greech.
1151 868 1168 883 “

660 949 757 993 903
783 947 1031 1009 Multaque
1049 961 1136 1009 per
1155 945 1408 1008 trochleas]
1423 950 1438 974 ⁴
1458 945 1653 995 Troch-

593 1020 708 1073 lea’
749 1022 986 1070 machina
1021 1028 1102 1071 est
1143 1022 1378 1071 tractor-ii
1427 1019 1653 1083 generis,

595 1112 712 1147 cum
758 1110 894 1145 aereo
939 1104 1032 1145 ant
1067 1098 1240 1159 ligneo
1282 1096 1534 1157 orbiculo,
1565 1095 1655 1158 qui

597 1189 694 1238 per
713 1174 966 1224 axiculum
1005 1180 1260 1234 versatur,
1281 1174 1500 1236 trajecto
1527 1170 1655 1220 fune

597 1250 850 1299 ductario.
874 1264 936 1298 ea
969 1250 1162 1298 utimur
1194 1251 1351 1298 etiam
1389 1250 1444 1297 in
1485 1248 1655 1297 hauri-

595 1326 732 1374 enda
787 1340 817 1374 e
873 1326 1044 1388 puteis
1081 1340 1232 1388 aqua.
1296 1323 1427 1374 ‘fit'
1483 1331 1656 1372 autem

595 1400 897 1457 ‘trochlea,'
948 1408 1162 1450 auctore
1198 1398 1401 1450 Isidoro
1445 1400 1657 1462 Etymo-

596 1475 701 1538 log.
722 1480 801 1525 19.
820 1479 868 1524 2.
887 1475 902 1502 ‘
915 1475 980 1523 ad
999 1474 1386 1523 similitudinem
1402 1479 1443 1521 Θ
1461 1474 1659 1523 littere

601 1550 807 1601 Graecae
831 1557 1046 1612 octavae,
1069 1550 1212 1599 dicta
1233 1565 1265 1598 a
1304 1548 1515 1613 trochia,
1549 1549 1590 1599 i.
1610 1564 1658 1599 e.

601 1626 765 1679 rotis.'
793 1626 961 1677 Lamo.
1025 1627 1197 1691 Vulgo
1236 1627 1402 1690 Pulley
1420 1641 1438 1675 .-
1469 1626 1484 1653 ‘
1502 1626 1661 1688 Tym-

607 1704 830 1767 pauum’
863 1712 1036 1753 autem
1062 1711 1146 1752 est
1179 1709 1289 1753 rota
1317 1718 1350 1753 e
1383 1703 1558 1752 solidis
1583 1710 1663 1753 ta·

595 1780 734 1829 bulis
757 1778 914 1830 facta.
952 1780 1149 1849 Cnseo-It.

665 1855 932 1919 Tympana]
948 1857 963 1883 ⁴
983 1854 1337 1918 Tympanum,'
1355 1852 1494 1919 quod
1507 1854 1663 1904 Grae·

600 1930 863 1996 οἱγέρανον
893 1934 1182 1994 appellant,
1208 1944 1368 1991 genus
1402 1936 1528 1979 rotoe
1563 1935 1663 1992 est,

599 2022 788 2071 magno
809 2008 1033 2059 circuitu
1072 2007 1332 2069 praeditae,
1365 2008 1512 2069 cnjus
1549 2006 1662 2055 axis

603 2082 732 2133 fune
777 2084 1092 2144 obvolvitur,
1135 2082 1340 2131 interea
1385 2079 1505 2130 dum
1547 2094 1662 2130 eam

603 2160 964 2222 circumagunt
1015 2157 1263 2217 homines,
1315 2159 1521 2219 regulas
1567 2170 1663 2219 pro

601 2235 848 2297 gradibus
895 2232 1074 2281 affixas
1109 2232 1256 2296 quasi
1303 2231 1663 2281 ascendeutes.

599 2310 769 2359 Lamo.
855 2308 1105 2357 Machina
1150 2306 1409 2356 notissima
1461 2314 1543 2355 est
1594 2322 1662 2355 ex

604 2386 796 2436 Lexico
829 2385 1142 2435 Vitruviano
1173 2381 1485 2432 Bernardini
1507 2382 1663 2431 Baldi

602 2460 887 2512 UrbInatis.
927 2460 1095 2509 Faber.

667 2540 766 2587 904
785 2534 1038 2597 Sustollit]
1055 2534 1266 2583 Sursum
1287 2533 1444 2583 tollit.
1480 2532 1662 2581 Utitur

601 2613 789 2663 eodem
807 2611 964 2661 verbo
988 2612 1162 2660 Plant.
1185 2610 1384 2660 Cistell.
1403 2614 1449 2657 1.
1472 2613 1523 2659 1.
1547 2613 1660 2658 117.

599 2689 615 2716 ‘
649 2688 922 2737 amiculum
965 2686 1062 2735 hoc
1101 2687 1316 2735 sustolle
1350 2682 1570 2733 saltem.'
1608 2689 1665 2734 et

603 2764 731 2813 item
750 2762 890 2811 alibi..
905 2770 960 2811 et
983 2762 1170 2811 Catull.
1191 2761 1257 2809 de
1274 2768 1422 2823 nupt.
1444 2760 1594 2810 Pelei
1608 2765 1665 2808 et

603 2838 758 2887 Thet.
793 2836 1014 2886 ‘Dulcia
1051 2849 1148 2883 nec
1185 2842 1367 2883 maesto
1387 2834 1661 2883 sustollens

607 2915 756 2977 signa
779 2910 1016 2975 parenti!
1047 2917 1104 2959 et
1127 2911 1311 2959 Cicer-o
1329 2908 1518 2958 Arato:
1556 2909 1663 2958 ‘Is-

606 2987 710 3036 tius
729 2985 782 3035 in
805 2987 1028 3035 Boream
1057 2984 1192 3048 quod
1217 2998 1272 3031 se
1294 2984 1520 3032 sustollit
1543 2997 1663 3033 acu-

605 3059 763 3109 men!
813 3061 977 3119 utitur
1005 3065 1062 3108 et
1093 3057 1290 3107 Amol).
1331 3072 1434 3107 non
1469 3059 1659 3107 semel:

605 3150 710 3188 uno
729 3136 967 3198 exemplo
985 3148 1121 3183 nunc
1143 3139 1416 3183 contentus
1441 3146 1531 3181 ero
1551 3148 1564 3181 ι
1586 3133 1665 3183 sic

601 3213 694 3262 ille
737 3212 826 3261 lib.
860 3217 909 3262 1.
943 3212 960 3239 ‘
983 3212 1088 3262 Qui
1131 3209 1360 3274 pecudes
1402 3223 1492 3258 vos
1528 3223 1664 3270 esse,

607 3289 696 3353 qui
724 3288 992 3352 fugitivos,
1015 3290 1102 3351 qui
1126 3288 1331 3337 exsules
1353 3285 1663 3351 praedicant,

605 3373 662 3415 et
695 3366 935 3424 insanos;
975 3364 1306 3423 admirantes,
1340 3362 1666 3425 plaudentes,

607 3440 673 3488 ad
696 3440 816 3488 coeli
837 3439 1102 3488 sustollitis
1117 3438 1319 3487 sidera.’
1349 3437 1513 3487 hamb.
1575 3477 1584 3486 .

670 3518 766 3563 905
802 3514 943 3563 Nunc
961 3513 1126 3575 quibus
1139 3512 1220 3562 ille
1241 3512 1412 3574 modis]
1430 3514 1582 3562 Nunc
1597 3512 1666 3561 de

606 3602 786 3638 somno
810 3587 1078 3652 disputare
1112 3587 1315 3651 incipit.
1347 3586 1513 3636 Lamo.

674 3666 773 3713 Per
813 3664 1020 3713 membra
1053 3663 1260 3725 quietem
1308 3662 1523 3726 Inriget]
1575 3663 1664 3713 Sic

605 3739 754 3802 Virg.
774 3737 886 3787 AEn,
902 3742 950 3787 1.
966 3741 1081 3786 695.
1103 3738 1384 3801 ‘placidam
1399 3752 1492 3800 per
1509 3752 1665 3787 mem-

605 3812 704 3862 bra
735 3812 965 3876 quietem
1000 3811 1229 3875 Irrigat!
1259 3812 1442 3861 Furius
1481 3812 1663 3863 Bibac.

603 3888 918 3953 ‘mitemque
959 3887 1097 3951 rigat
1143 3902 1238 3951 per
1279 3894 1498 3952 pectora
1535 3903 1665 3937 som·

605 3962 766 4016 num-⁹
796 3963 964 4016 Βουτώ.
1031 3962 1239 4011 Animal
1273 3963 1509 4013 omnibns
1547 3978 1663 4012 sen-

604 4052 750 4090 suum
803 4040 1192 4104 operationibus
1237 4038 1570 4104 perfunctum
1612 4042 1663 4089 in

606 4114 767 4164 cubili
787 4117 1013 4164 collocat
1033 4115 1326 4177 Lucretius,
1367 4130 1470 4165 non
1490 4120 1663 4165 tamen

607 4189 820 4251 deserit,
839 4190 928 4237 sed
964 4190 1082 4237 dum
1120 4190 1308 4239 dormit
1345 4193 1665 4255 contempla-

607 4272 712 4330 tur,
729 4264 799 4315 de
823 4280 1000 4317 somno
1023 4278 1184 4329 usqne
1225 4266 1290 4314 ad
1346 4281 1422 4317 vs.
1455 4270 1571 4318 958.
1608 4274 1665 4317 et

1726 802 1867 845 artus
1906 795 2168 847 suffulcire
2206 805 2319 846 non·
2350 800 2545 860 valeat,
2588 797 2785 863 (anima

1726 872 1863 921 enirn
1873 874 2199 936 cstcorporis
2212 872 2491 923 fundamen
2498 873 2650 941 tum,)
2662 876 2783 925 inde

1726 948 2073 997 membrorum
2094 950 2335 1012 languor,
2360 956 2415 999 et
2444 962 2684 999 sensuum
2708 965 2789 998 re-

1727 1022 1901 1073 missio
1922 1036 1936 1070 :
1960 1024 2097 1088 quod
2128 1030 2298 1073 autem
2324 1024 2655 1087 perturbatur
2676 1027 2784 1075 ani-

1730 1111 1833 1159 ma,
1872 1098 1997 1146 illud
2036 1098 2243 1162 quidem
2298 1098 2628 1149 manifestum
2679 1106 2784 1164 est,

1730 1184 1846 1219 nam
1881 1186 2071 1235 corpus
2112 1172 2180 1221 ab
2220 1173 2341 1223 aere
2384 1180 2604 1224 externo
2638 1180 2695 1223 et
2718 1176 2783 1225 ab

1732 1244 1853 1296 aere
1870 1247 2119 1310 inspirato
2136 1255 2389 1312 perpetuo
2406 1247 2753 1299 labefactatur
2768 1266 2785 1310 ς

1732 1323 1825 1372 aer
1864 1326 1999 1373 enim
2038 1325 2137 1375 iste
2178 1341 2283 1375 non
2320 1333 2521 1376 tantum
2554 1328 2785 1389 corporis

1734 1398 2060 1461 superficiem
2085 1401 2239 1459 radit,
2272 1402 2361 1451 sed
2386 1416 2540 1465 poros
2556 1407 2617 1450 et
2650 1416 2790 1450 mea-

1735 1480 1815 1523 tus
1840 1476 2129 1539 pervadens
2152 1476 2219 1526 ad
2246 1485 2420 1539 partes
2450 1477 2659 1525 intimas
2699 1476 2790 1525 ad·

1734 1550 1979 1610 mittitur,
2002 1565 2189 1615 easque
2214 1553 2473 1601 verberat.
2536 1551 2667 1601 Inde
2689 1552 2793 1615 pri-

1734 1640 1819 1675 ma
1861 1642 2077 1690 corpora
2128 1626 2519 1690 disjunguntur,
2574 1640 2789 1691 eamque

1734 1701 2130 1763 disjunctionem
2170 1702 2332 1767 ipsius
2362 1702 2547 1752 'animae
2572 1702 2791 1751 dissolu-

1734 1775 1810 1825 tio
1830 1782 2073 1839 sequatur
2094 1791 2306 1826 neeesse
2326 1785 2427 1837 est,
2460 1779 2532 1825 ita
2570 1785 2631 1827 ut
2670 1793 2793 1842 pars

1735 1850 1992 1914 ejiciatur,
2022 1866 2141 1915 pars
2156 1853 2243 1916 (ut
2274 1852 2431 1901 Plinii
2454 1853 2623 1909 verbis
2640 1852 2787 1917 utar)

1735 1924 1789 1973 in
1810 1925 2031 1975 mediam
2052 1942 2167 1976 sese
2192 1928 2405 1977 recedat
2427 1944 2445 1989 3
2477 1928 2674 1993 reliqua
2704 1942 2791 1976 ve-

1736 2012 1795 2049 ro
1818 2015 1939 2064 pars
1960 2002 2214 2052 distracta
2244 2004 2397 2057 nimis
2428 2018 2522 2068 per
2556 2005 2791 2054 membra

1737 2076 2086 2140 dispergatur.
2152 2078 2207 2127 H
2212 2078 2295 2127 inc
2318 2078 2546 2143 denique
2568 2079 2792 2143 intelligi

1736 2158 1912 2215 potest
1946 2168 2041 2203 cur
2077 2154 2252 2204 cibum
2296 2162 2387 2203 aut
2427 2154 2791 2204 lassitudinem

1737 2228 2063 2289 gravissimus
2104 2243 2309 2279 somnus
2336 2238 2619 2294 sequatur:
2668 2242 2793 2277 nam

1736 2301 1883 2353 cibus
1904 2305 2111 2356 obturat
2134 2304 2279 2354 nimis
2302 2310 2463 2369 atque
2494 2303 2791 2355 infercit-is—

1738 2384 1819 2427 tos
1841 2385 2039 2428 meatus
2060 2394 2154 2443 per
2175 2393 2304 2445 vqnos
2344 2380 2513 2429 anima
2548 2379 2710 2437 debet
2733 2379 2795 2429 li·

1737 2452 1860 2501 bere
1894 2453 2036 2516 ferri,
2076 2455 2197 2505 inde
2230 2456 2393 2519 major
2424 2455 2679 2517 dispersio
2700 2456 2793 2503 ant

1736 2530 2048 2592 constipatio
2071 2531 2292 2591 animae3
2326 2530 2630 2579 lassitudine
2670 2544 2793 2579 vero

1738 2603 1961 2655 debilius
1983 2605 2045 2655 fit
2066 2620 2272 2669 corpus,
2290 2614 2443 2670 atque
2471 2604 2592 2655 inde
2608 2604 2791 2655 eadem

1737 2689 1991 2745 sequuntu
1998 2698 2039 2731 r.
2060 2680 2225 2733 Ὕπνόι·
2240 2700 2297 2731 τε
2314 2681 2496 2743 γίνεται
2504 2679 2797 2743 πονουμένων

1737 2760 1831 2807 τῶν
1848 2760 1936 2816 τῆς
1956 2760 2110 2821 ψυχῆς
2124 2760 2273 2823 μερῶν
2301 2762 2397 2808 τῶν
2416 2758 2517 2807 καθ’
2557 2757 2677 2816 ὅλην
2697 2756 2791 2815 ’τὴν

1738 2832 1983 2898 σύγκρισιν
1996 2834 2402 2899 παρεσπαρμένων,
2420 2834 2453 2892 ἢ
2470 2831 2791 2895 ἐγκατεχομέ-

1739 2928 1845 2970 νων,
1864 2910 1897 2968 ἢ
1928 2908 2311 2973 διαφορουμένων,
2350 2911 2436 2969 ἥτε
2472 2909 2552 2959 καὶ
2590 2924 2793 2971 συμπιπ-

1736 2985 1915 3035 τόντων
1953 2989 2091 3035 τινῶν
2128 2990 2229 3036 τοῖς
2262 2984 2574 3049 ἐσπαρμένοις,
2612 2983 2677 3033 τὰ
2706 2984 2797 3045 μὲν

1738 3058 2037 3121 ἐξωθούντων,
2056 3060 2121 3109 τὰ
2141 3058 2193 3109 δὲ
2209 3058 2632 3122 συνταραττόπων.
2669 3060 2799 3123 Epi-

1740 3150 1893 3185 curus
1916 3136 1983 3185 ad
2003 3136 2261 3186 Herodot.
2296 3138 2489 3185 στερεὴ.

1809 3212 1899 3261 Ille
1944 3211 2167 3274 Somnus]
2202 3214 2319 3261 Non
2353 3219 2548 3261 temere
2583 3212 2795 3275 ponitur

1740 3288 1859 3336 ‘ille
1880 3286 1915 3347 ;'
1956 3285 2125 3348 ἐξοχὴν
2145 3286 2281 3335 enim
2300 3286 2578 3349 significat,
2618 3293 2675 3336 nt
2706 3285 2797 3337 ali·

1744 3363 1827 3423 bi3
1860 3378 1891 3411 a
1912 3377 2011 3428 quo
2036 3363 2133 3411 viz.
2168 3368 2247 3411 tot
2280 3369 2337 3411 et
2359 3371 2505 3411 tenta
2528 3364 2579 3411 iu
2618 3364 2793 3411 huma·

1739 3452 1859 3485 num
1884 3451 2043 3501 genus
2064 3444 2369 3499 promanant
2408 3438 2563 3487 bona.
2598 3439 2793 3487 Creeoh.

1802 3517 1900 3563 906
1934 3513 2145 3576 Inriget]
2183 3514 2473 3576 Numquam
2488 3527 2590 3561 vox
2614 3528 2798 3561 venus-

1741 3588 1877 3637 tior:
1928 3590 2103 3637 Latini
2145 3589 2283 3637 enim
2328 3590 2535 3653 proprie
2588 3588 2795 3652 ‘rigna'

1740 3664 2009 3728 appellant
2048 3664 2101 3711 id
2158 3677 2320 3726 genus
2363 3664 2629 3726 rigationis
2676 3678 2793 3728 qnae

1740 3740 1851 3787 rivo
1894 3736 1957 3786 fit
1996 3743 2053 3787 et
2077 3739 2251 3787 sulco:
2299 3739 2419 3787 hinc
2464 3739 2645 3803 ‘rigna
2664 3737 2794 3787 Nili'

1740 3814 1913 3864 Plinio
1957 3820 2083 3862 sunt
2118 3812 2237 3873 rivi,
2272 3820 2326 3861 et
2366 3812 2582 3877 διόρηες
2615 3827 2645 3862 e
2668 3812 2795 3861 Nilo

1740 3888 1931 3949 ductae,
1952 3894 2009 3935 et
2043 3886 2227 3949 ‘rigua
2268 3900 2417 3951 aqnae
2452 3886 2637 3935 dulcis’
2654 3885 2793 3948 apud

1740 3963 1959 4013 eundem
1985 3960 2329 4011 derIvationes
2362 3976 2428 4011 ex
2464 3974 2597 4025 aqua
2636 3959 2794 4009 dulci.

1740 4038 1845 4091 Qui
1880 4042 2053 4086 autem
2084 4037 2331 4099 intelligit
2363 4036 2617 4101 quomodo
2648 4036 2793 4099 quies

1738 4122 1883 4165 artus
1904 4127 2081 4163 omnes
2102 4118 2158 4163 et
2190 4126 2347 4161 venas
2371 4117 2658 4175 permanat,
2680 4112 2793 4159 haeo

1740 4190 1897 4239 etiam
1915 4188 2192 4252 intelliget.
2233 4188 2425 4237 Creeok.

1805 4265 1959 4315 curas
1974 4278 1999 4313 e
2009 4268 2199 4326 pectore
2216 4261 2388 4324 solvat]
2425 4262 2663 4325 Utroque
2684 4274 2791 4309 moe
