3200 4959
636 405 705 460 vr.
755 403 1113 460 nuenarii
1160 405 1341 458 cani
1394 407 1493 458 na
1538 405 1810 460 annun
1859 407 2034 460 uu.
2081 409 2228 460 ma.
2278 411 2344 464 v.
2433 391 2610 466 1547

410 535 549 586 vidit
578 537 898 597 Centauros,
934 549 1103 599 neque
1138 536 1275 586 enirn
1311 549 1475 599 equus

414 621 471 662 et
496 613 647 662 honio
670 612 915 676 conjungi
949 617 1185 675 possunt,
1222 625 1337 660 cum
1373 625 1475 660 non

412 687 597 736 eadem
618 695 797 749 aetate,
818 687 999 736 eodem
1021 687 1285 748 alimento,
1305 699 1475 749 neque

413 760 595 812 iisdem
640 762 867 812 moribus
914 768 1205 823 uterentur,
1255 775 1357 810 vas.
1392 764 1473 811 14.

410 838 563 890 Idem
605 839 673 888 de
708 838 917 902 Scyllis,
950 845 1007 886 et
1043 836 1291 900 ejusmodi
1330 851 1474 886 mon·-

416 913 543 964 stris
578 914 876 973 dicendum,
914 928 1015 964 vss.
1054 919 1105 963 9.
1173 913 1275 966 Qui
1299 919 1475 962 autem

415 991 723 1042 Chimaeram
734 990 973 1040 extitisse
984 989 1183 1040 credidi
1192 997 1229 1051 t,
1239 1003 1341 1039 non
1354 1003 1473 1040 con·

410 1065 666 1118 sideravit
702 1068 887 1129 leonis,
924 1081 1073 1130 neque
1110 1081 1173 1116 ac
1196 1065 1473 1130 cujuslibet

412 1143 665 1205 animalis,
682 1144 875 1194 viscera
900 1142 1083 1194 torreri
1116 1143 1243 1206 igni,
1272 1149 1327 1192 et
1350 1156 1473 1192 con-

410 1219 545 1268 sumi
563 1233 735 1282 posse,
756 1231 856 1267 vss.
878 1221 927 1268 7.
971 1217 1075 1270 Qui
1096 1217 1318 1281 deniqne
1342 1218 1473 1268 mira

412 1301 481 1346 et·
507 1302 801 1344 monstrosa
836 1293 1123 1346 istiusmodi
1160 1295 1403 1344 animalia
1438 1308 1471 1344 e

411 1371 611 1421 recenti
647 1377 789 1420 terra
822 1369 1041 1434 produci
1084 1384 1235 1434 posse
1257 1375 1473 1432 statuat,

412 1448 595 1498 eredat
630 1449 845 1510 insuper
878 1462 1053 1510 aurea,
1081 1447 1347 1512 lacteaque
1376 1446 1473 1498 flu·

410 1526 567 1588 mina,
600 1533 656 1574 et
676 1526 879 1589 reliqua
900 1525 1177 1577 otiosorum
1200 1525 1471 1588 poetarum

412 1608 722 1663 commenta,
736 1617 837 1650 vss.
858 1605 937 1651 19.
972 1601 1273 1664 Perpendat
1294 1607 1471 1650 tamen

410 1677 576 1726 multa
597 1676 875 1726 herbarum
908 1682 965 1724 et
1003 1675 1239 1723 arborum
1276 1675 1473 1726 semina

410 1753 583 1816 hodie,
617 1755 700 1816 (ut
744 1754 863 1802 olim
908 1751 1131 1800 omnium
1174 1751 1471 1802 animalium

410 1829 741 1892 primordiao
750 1830 803 1878 in
825 1837 967 1878 terra
978 1829 1233 1878 contineri
1244 1845 1259 1890 ς
1272 1837 1329 1879 at
1344 1844 1471 1880 nun-

409 1919 563 1968 quam
601 1911 883 1955 nascuntur
919 1905 1201 1968 complexae
1238 1904 1473 1968 arbores,

406 1995 581 2045 neque
592 1982 765 2032 berboe
774 1979 948 2031 herbis
963 1980 1360 2044 conjunguntur,
1370 1995 1473 2034 vss.

412 2058 467 2110 9.
508 2058 707 2106 Creecls.

476 2136 576 2182 877
616 2134 769 2190 Queat
808 2133 1005 2198 duplici]
1056 2133 1120 2205 In
1164 2132 1471 2196 quibusdam

406 2206 587 2262 liba-iux
608 2213 819 2270 quentin
850 2210 999 2260 male.
1034 2208 1207 2268 Gifim.
1272 2208 1473 2271 Duplici

413 2288 613 2345 πάντα,
628 2284 867 2345 humana,
886 2291 945 2334 et
966 2285 1170 2348 equina.
1199 2283 1419 2336 Lambiu.

475 2363 575 2410 878
624 2359 879 2422 Potestas]
936 2357 1159 2423 Δύναμις,
1214 2361 1469 2424 potentia.

416 2435 641 2488 [aman.

476 2515 577 2562 879
600 2511 733 2560 Hinc
752 2513 887 2564 §uino
902 2529 995 2577 pur
1015 2515 1088 2564 vis
1108 2519 1165 2565 ut
1184 2529 1277 2563 non
1298 2513 1390 2576 sic]
1416 2513 1471 2562 Si

411 2583 563 2651 hujus
587 2601 767 2638 verens
788 2588 957 2640 vat-ias
978 2590 1262 2654 scripturas
1284 2589 1473 2638 lectori

412 2675 704 2726 proponere
756 2665 963 2726 vellem,
1006 2671 1171 2714 totam
1230 2665 1471 2728 paginam

414 2736 698 2804 implerem.
774 2741 915 2790 Satis
960 2742 1060 2790 erit
1102 2741 1227 2790 mibi
1268 2755 1355 2789 eas
1393 2753 1472 2788 re-

416 2813 578 2878 ferre,
607 2831 723 2880 quae
748 2817 1081 2879 reperiuntur
1106 2818 1161 2867 iu
1182 2816 1271 2866 lib.
1296 2829 1473 2866 manu·

417 2893 641 2956 scriptis,
664 2901 722 2942 ut
745 2891 916 2954 videat
939 2895 1121 2952 lector,
1138 2906 1221 2942 me
1242 2893 1318 2942 ita
1340 2892 1475 2940 huuc

414 2967 583 3019 locum
618 2967 741 3018 olim
775 2967 1083 3027 restituisse,
1112 2973 1173 3016 ut
1203 2974 1377 3019 tamen
1407 2963 1477 3014 ab

414 3041 477 3090 iis
500 3057 603 3091 non
639 3045 791 3105 longe
830 3042 1172 3092 discesserim.
1204 3043 1280 3092 sie
1314 3042 1475 3106 igitur

414 3117 575 3168 habet
588 3119 894 3180 Vaticanus,
918 3119 1051 3168 Hinc
1070 3119 1204 3168 illinc
1220 3133 1309 3182 par
1326 3119 1403 3168 oie
1418 3123 1475 3168 ut

414 3211 507 3246 non
538 3198 639 3246 aiut
669 3211 783 3258 pars
802 3211 901 3246 esse
932 3197 1063 3259 potis
1088 3197 1184 3262 eit-t
1216 3196 1473 3260 Scipionis

414 3278 471 3322 et
505 3271 693 3320 Faerni
733 3272 831 3333 sic,
868 3271 999 3320 Hinc
1031 3273 1165 3322 illinc
1206 3271 1401 3334 paribus
1418 3276 1473 3320 ut

415 3363 509 3398 nou
532 3349 607 3398 sit
642 3361 757 3410 pars
784 3362 883 3396 esse
920 3349 1047 3410 potis
1082 3349 1175 3396 sit.-
1216 3347 1477 3400 Bertinia-

416 3438 515 3496 nus
534 3430 591 3474 et
606 3425 945 3474 Memmianus
966 3424 1059 3483 sic,
1074 3425 1217 3478 Hinc
1234 3425 1369 3478 illinc
1384 3439 1477 3487 par

416 3501 560 3551 visat
584 3516 677 3550 nou
711 3501 779 3550 sit
811 3516 901 3564 pur
940 3515 1035 3550 esse
1070 3502 1201 3564 potis
1226 3501 1331 3552 sin·
1357 3516 1474 3565 quse

416 3575 692 3640 scriptnrae
730 3591 849 3626 cum
880 3577 985 3625 sint
1010 3576 1229 3638 vitiosae,
1268 3591 1367 3639 ego
1400 3576 1479 3626 sic

416 3667 769 3718 seposueram,
800 3653 937 3702 Hinc
956 3652 1089 3704 illinc
1114 3666 1205 3716 par
1222 3651 1295 3702 ais
1310 3656 1365 3700 at
1386 3667 1479 3702 non

413 3732 523 3794 pari
538 3745 641 3781 esse
658 3731 786 3794 potis
805 3733 887 3780 nit.
936 3730 1111 3794 Atque
1132 3730 1248 3780 haec
1268 3729 1477 3794 quidem

416 3806 683 3872 scriptura
712 3805 825 3856 fere
850 3807 911 3858 in
933 3807 1151 3856 Venetis
1174 3804 1477 3854 recentiori-

415 3881 512 3932 bus
544 3888 604 3932 et
638 3881 1061 3945 Lugdunensibus
1091 3879 1367 3944 reperitur.
1400 3881 1477 3930 sic

418 3959 553 4011 euim
578 3957 633 4008 iu
654 3957 729 4007 eis
748 3959 962 4021 legitur,
982 3957 1116 4006 Hinc
1144 3957 1276 4005 illinc
1294 3969 1387 4018 par
1404 3956 1479 4004 vis

418 4037 473 4084 nt
508 4047 603 4082 m
636 4047 729 4096 pur
763 4047 860 4082 esse
893 4033 1021 4095 potis
1060 4033 1146 4082 sit.
1209 4031 1481 4080 Sententia

418 4115 593 4158 autem
632 4108 789 4172 hujus
818 4109 1115 4170 seriptnrae,
1146 4107 1191 4156 si
1225 4106 1307 4156 eui
1342 4105 1482 4156 forte

420 4183 692 4234 obscurior
734 4182 991 4244 videatur,
1032 4183 1145 4231 haec
1188 4187 1303 4232 estz
1335 4181 1483 4232 ‘Non

419 4259 599 4326 potest
619 4273 737 4310 esse
753 4264 938 4311 natura
952 4271 1043 4308 seu
1061 4262 1291 4322 potestas
1306 4255 1483 4320 aliqua

1550 549 1618 584 ex
1651 535 1950 600 alienigenis
1987 535 2250 599 membris,
2282 544 2342 588 ut
2375 537 2610 592 hnmani·

1550 618 1612 660 et
1633 612 1848 674 equinis,
1879 618 2151 676 compacta
2179 621 2236 664 et
2261 612 2504 676 conflata,
2533 617 2611 666 ita

1550 686 1851 750 alienigenis
1889 686 2148 752 (inquam)
2186 695 2246 738 ut
2283 703 2348 738 ex
2387 697 2612 756 utraque

1550 768 1721 824 parte,
1752 763 1872 827 equi
1917 763 2117 812 scilicet
2155 771 2212 812 ct
2249 764 2487 826 bominis,
2520 773 2614 816 aut

1550 837 1767 888 aliorum
1801 838 2094 888 animalium
2133 840 2272 890 inter
2291 853 2346 889 se
2367 855 2612 906 compac-

1550 919 1743 977 torum,
1775 914 1850 964 vis
1891 929 1985 978 par
2024 915 2134 978 pari
2167 928 2300 979 esse,
2331 916 2384 966 id
2407 925 2490 967 est
2512 931 2611 981 par

1548 988 1662 1052 pari
1683 989 2016 1054 respondere,
2051 1004 2152 1038 non
2186 991 2365 1053 possit.
2402 991 2472 1042 de
2494 1005 2612 1042 ver·

1548 1079 1634 1116 sus
1659 1072 1832 1114 autem
1855 1065 2053 1116 ratione
2077 1080 2176 1116 non
2199 1073 2282 1117 est
2313 1065 2450 1130 quod
2471 1069 2609 1131 quis-

1546 1155 1701 1204 quam
1741 1141 1964 1198 dubitet,
2015 1147 2228 1206 propter
2269 1155 2447 1192 vocem
2482 1145 2612 1208 pari,

1546 1217 1602 1267 in
1637 1232 1740 1281 qua
1777 1233 1904 1268 voce
1943 1217 2142 1282 syllaba
2174 1218 2222 1266 n·
2253 1233 2356 1268 non
2377 1220 2610 1284 eliditur,

1544 1292 1640 1342 sed
1672 1293 1966 1357 corripitur.
2003 1309 2120 1343 nam
2157 1295 2253 1345 hoc
2285 1309 2398 1346 esse
2415 1297 2608 1348 Lucre·

1548 1369 1624 1418 tio
1647 1369 1890 1420 usitatum
1913 1369 2036 1419 alibi
2059 1369 2395 1424 ostendidius.
2457 1373 2612 1424 Licet

1546 1445 1702 1494 etiam
1721 1444 1797 1494 sic
1817 1447 2008 1510 legere,
2021 1453 2081 1496 ut
2091 1447 2330 1498 'rm-nebo
2349 1449 2610 1512 placebat,

1546 1519 1682 1572 Hinc
1701 1520 1837 1572 illinc
1864 1536 1957 1585 peu·
1988 1522 2062 1572 uis
2083 1529 2136 1570 ut
2157 1539 2252 1572 non
2271 1525 2342 1574 sic
2363 1537 2460 1575 me
2477 1526 2608 1589 potis

1544 1596 1628 1658 sit,
1659 1597 1844 1648 eadem
1868 1597 1980 1648 fere
2014 1601 2303 1650 sententia:
2341 1608 2398 1650 ut
2421 1615 2488 1650 ex
2511 1602 2606 1652 bac

1546 1678 1599 1721 et
1623 1673 1710 1722 illa
1733 1683 1883 1736 parte
1905 1689 2010 1725 tion
2048 1677 2209 1738 possit
2241 1691 2358 1726 esse
2391 1693 2490 1742 par
2509 1680 2610 1740 vis,

1543 1749 1640 1812 sic,
1659 1751 1712 1799 id
1733 1757 1834 1814 est,
1849 1753 2134 1815 compactis
2158 1755 2293 1802 inter
2313 1767 2368 1804 se
2391 1755 2612 1806 diversis

1546 1826 1870 1878 animalibus.
1940 1829 2114 1892 Atque
2151 1829 2284 1878 banc
2328 1830 2606 1882 lectionem

1546 1915 1685 1950 nunc
1723 1903 1872 1965 aequi
1908 1903 2078 1952 malui.
2145 1903 2297 1954 Licet
2335 1905 2492 1954 etiam
2527 1908 2604 1956 sic

1546 1978 1740 2040 legere,
1772 1977 1905 2026 Hinc
1925 1978 2056 2028 illinc
2071 1993 2164 2042 pur
2184 1979 2257 2027 eis
2286 1982 2398 2042 puri
2419 1981 2494 2030 uti
2513 1992 2606 2032 uon

1546 2069 1646 2106 esse
1680 2055 1806 2118 potis
1835 2055 1917 2104 sit.
1947 2055 2134 2104 Lamb.
2199 2055 2302 2105 Par
2325 2055 2416 2117 eis,
2437 2062 2492 2104 at
2515 2071 2612 2106 non

1546 2129 1618 2178 sic
1635 2143 1734 2179 esse
1751 2129 1879 2193 potis
1895 2129 1977 2180 sit.
2040 2129 2128 2181 Ita
2147 2129 2425 2194 legendum
2459 2139 2606 2193 puto.

1548 2205 1613 2254 In
1635 2212 1744 2255 vet.
1771 2205 2093 2270 quibusdam,
2119 2221 2213 2270 par
2240 2207 2314 2256 uis
2350 2211 2404 2256 ut
2425 2221 2520 2258 aon
2537 2208 2610 2256 sit·

1541 2297 1659 2344 pars
1695 2297 1812 2333 esse.
1879 2282 1943 2332 In
1969 2283 2102 2344 vulg.
2124 2281 2446 2347 quibusdam,
2471 2284 2608 2347 pori-

1546 2359 1648 2410 bus.
1684 2359 1793 2410 Gis.
1861 2361 1978 2410 Nec
2018 2358 2180 2410 fuisse
2219 2373 2440 2422 unquam
2471 2359 2610 2410 Cen·

1547 2440 1744 2500 tauros,
1775 2435 2006 2486 homines
2027 2451 2162 2502 equo
2183 2435 2368 2484 mixtos
2385 2433 2610 2498 scilicet,

1548 2525 1716 2574 neque
1740 2513 1900 2560 ullum
1923 2512 2130 2574 animal,
2159 2509 2296 2575 quod
2319 2527 2387 2560 ex
2409 2511 2614 2560 duabus

1547 2587 1745 2638 naturis
1758 2587 1888 2636 adeo
1905 2587 2124 2636 diversis
2135 2593 2418 2651 constaret,
2431 2589 2604 2640 virere

1545 2668 1602 2712 et
1650 2676 1746 2725 per
1799 2663 2032 2712 subolem
2075 2665 2358 2728 propagari
2417 2679 2602 2728 posse:

1544 2738 1559 2766 ⁸
1586 2738 1691 2787 Sed
1715 2751 1884 2802 neque
1905 2739 2155 2788 Centauri
2176 2737 2410 2802 fuerunt,
2438 2755 2609 2805 neque

1546 2820 1782 2877 tempore
1825 2814 1878 2863 in
1911 2815 2018 2863 ullo
2049 2815 2180 2864 Esse
2213 2822 2372 2879 queat
2409 2815 2608 2878 duplici

1546 2899 1752 2950 natura,
1783 2896 1840 2939 et
1872 2904 2091 2952 corpore
2111 2889 2232 2940 bino
2253 2891 2334 2940 Ex
2361 2889 2606 2954 alienige-

1545 2967 1626 3016 nis
1645 2967 1888 3017 membris
1907 2975 2180 3030 compacta
2199 2974 2454 3030 potestas,
2467 2967 2609 3018 Hinc

1546 3043 1691 3092 illinc
1723 3057 1820 3105 par
1859 3043 1936 3092 vis
1974 3048 2033 3090 ut
2067 3055 2170 3091 non
2207 3042 2283 3092 sic
2319 3056 2436 3091 esse
2471 3044 2612 3106 potia

1547 3117 1652 3167 sit-²
1717 3119 1914 3182 Magna
1949 3130 2072 3166 vero
2109 3117 2162 3166 in
2203 3126 2464 3178 postremo
2495 3118 2609 3166 illo.-

1549 3208 1662 3243 rum
1695 3208 1932 3242 versuum
1955 3190 2235 3242 difficultas
2257 3199 2358 3254 est,
2390 3199 2530 3242 tanta
2553 3193 2612 3244 in
2638 3203 2640 3206 ’

1547 3270 1681 3320 Mss,
1737 3267 1904 3318 Codd.
1957 3273 2168 3332 tamque
2209 3267 2505 3322 inconstans
2549 3276 2612 3320 et

1549 3345 1822 3408 multiplex
1858 3343 2114 3392 variantia
2149 3350 2248 3393 est.
2312 3343 2376 3392 In
2397 3343 2610 3408 quibus-

1550 3420 1669 3470 dam
1691 3421 1829 3470 enim
1852 3419 2066 3482 legitur,
2097 3419 2232 3467 Hinc
2251 3417 2384 3468 illinc
2416 3433 2506 3481 pur
2533 3420 2612 3468 eis

1545 3502 1604 3546 ut
1625 3513 1718 3546 aon
1735 3497 1833 3545 siut
1851 3509 1966 3558 pars
1983 3509 2080 3544 esse
2105 3494 2232 3558 potis
2251 3495 2338 3542 sit.
2404 3494 2431 3543 1
2455 3508 2612 3557 nunc,

1550 3580 1606 3632 et
1643 3579 1874 3622 mortuos
1911 3571 2102 3632 excita,
2140 3565 2612 3634 tempus'est.·'1n

1549 3650 1684 3713 aliia,
1714 3649 1850 3698 Hinc
1869 3647 2001 3696 illinc
2017 3662 2108 3710 pur
2128 3645 2202 3694 vis
2218 3651 2272 3694 ut
2293 3660 2388 3696 m
2403 3646 2471 3696 sit
2495 3659 2615 3709 pare

1546 3741 1646 3774 esse
1676 3725 1888 3789 petiuit.
1967 3723 2224 3772 Portenta
2259 3735 2517 3784 versuum,
2547 3727 2612 3776 nt.

1549 3803 1724 3864 vides3
1757 3809 1814 3853 et
1849 3809 2026 3852 tamen
2049 3798 2458 3862 Gifaniusbanc
2493 3812 2612 3860 pos·-

1550 3879 1817 3938 teriorem,
1845 3889 1962 3940 quas
1986 3872 2220 3924 omnibns
2251 3873 2394 3922 vitiis
2415 3879 2619 3934 scatet,

1552 3953 1786 4015 recipere
1807 3965 1864 4000 se
1887 3956 1941 3999 et
1959 3949 2188 4013 probare
2207 3947 2468 4011 professus
2491 3955 2612 4010 θείς

1551 4042 1656 4092 quo
1692 4027 1820 4077 nihil
1854 4039 2079 4090 unquam
2111 4023 2343 4074 deterius
2381 4030 2610 4086 poterat.

1552 4101 1658 4152 Sed
1694 4117 1796 4165 qno
1833 4101 2042 4150 tandem
2071 4107 2226 4163 pacto
2249 4112 2357 4147 rem
2381 4097 2512 4148 adeo
2531 4100 2609 4149 in·

1552 4178 1814 4237 tricatam,
1845 4181 2054 4239 tamque
2091 4188 2124 4223 a
2159 4181 2304 4226 recto
2325 4187 2480 4224 sensu
2501 4179 2556 4222 et
2575 4187 2610 4223 a

1551 4249 1853 4306 Latinitatis
1897 4262 1992 4299 usu
2035 4255 2304 4311 remotam,
2340 4247 2610 4312 explicare
