3200 4959
662 1024 1309 1119 NOTITIA
1409 1034 2282 1125 LITERARIA

1429 1260 1518 1305 DE

876 1418 981 1493 T.
1038 1418 1656 1498 LUCRETIO
1717 1423 1866 1498 CA
1889 1423 2080 1519 ΒΟ,

522 1588 610 1638 Ex
641 1592 737 1644 JO.
774 1592 920 1643 ΔΕΒ.
954 1592 1257 1645 FABRICII
1290 1596 1742 1647 BIBLIO'I'HECA
1777 1598 2026 1647 LATINA
2063 1572 2436 1656 EXCERP'l'A,

916 1684 1081 1733 TOM.
1114 1684 1158 1733 1.
1191 1684 1338 1734 CAP.
1371 1691 1420 1737 11.
1456 1684 1566 1739 ΕΙ).
1600 1687 1873 1736 ERNEST.
1909 1692 2053 1738 1773.

1218 2013 1491 2073 Lucretii
1520 2011 1717 2073 AEm.

366 2128 473 2201 T·
503 2139 903 2202 Lucuss‘l’lus
942 2140 1203 2211 CARUS,
1246 2139 1433 2218 patria
1472 2148 1536 2199 ut
1580 2136 1814 2199 videtur
1862 2135 2186 2212 Romanus,
2231 2146 2402 2199 natus
2448 2149 2562 2213 cst,

364 2246 519 2298 teste
566 2236 840 2308 Eusebio,
884 2236 1131 2316 Olymp.
1190 2246 1323 2307 171.
1367 2244 1427 2297 2.
1472 2254 1630 2296 anno
1675 2236 1751 2295 U.
1794 2235 1867 2296 C.
1907 2237 2048 2306 659.
2089 2244 2225 2295 ante
2263 2234 2560 2297 Christum

363 2340 468 2403 95.
533 2338 554 2367 ⁸
580 2333 789 2391 Postea
832 2330 1111 2390 amatorio
1161 2330 1376 2408 poculo
1398 2332 1418 2361 ¹
1464 2332 1523 2391 in
1566 2328 1820 2389 furorem
1869 2347 2096 2402 versus,
2153 2350 2286 2389 cum
2333 2330 2562 2409 aliquot

360 2424 545 2487 libros
591 2448 697 2507 per
737 2428 1041 2488 intervalla
1079 2426 1350 2487 insaniae²
1393 2425 1865 2505 conscripsisset,
1907 2446 2056 2504 quos
2098 2436 2309 2506 postea
2348 2426 2562 2488 Cicero

362 2522 721 2596 emendavit,
752 2520 989 2601 propria
1023 2542 1083 2582 sc
1128 2541 1305 2581 manu
1345 2520 1634 2580 interfecit
1682 2540 1837 2581 anno
1882 2522 2072 2581 oetatis
2117 2522 2561 2601 quadragesimo

365 2627 591 2695 quarto,
620 2614 699 2678 U.
744 2618 816 2678 C.
862 2614 1029 2686 703.3
1074 2624 1210 2675 ante
1257 2614 1555 2675 Christum
1603 2621 1699 2678 51.
1767 2616 2160 2695 Philosophus
2205 2618 2284 2676 de·
2323 2618 2562 2695 Epicuri

364 2712 566 2773 schola
594 2712 977 2783 acutissimus,
1008 2728 1181 2790 quem
1213 2710 1313 2789 qui
1341 2709 1562 2787 legunt,
1593 2708 1873 2783 videntur,
1921 2721 1988 2770 ut
2017 2730 2118 2771 1x.
2149 2720 2208 2773 3.
2249 2716 2336 2774 ait
2365 2712 2563 2775 Vitru-

364 2808 514 2880 vius,
543 2829 679 2868 cum
709 2828 781 2867 eo
810 2809 971 2868 velut
1000 2826 1197 2867 coram
1228 2807 1306 2867 de
1333 2826 1522 2866 rerum
1553 2816 1764 2866 natura
1791 2806 2130 2885 disputare:
2175 2814 2349 2887 poeta
2382 2810 2566 2870 subli-

364 2904 495 2978 mis,
526 2904 802 2984 idemque
829 2905 1068 2982 elegans
1094 2913 1154 2963 et
1183 2903 1379 2961 multae
1406 2903 1547 2963 artis
1588 2902 1906 2963 luminibus
1951 2904 2170 2981 pictus,
2214 2923 2286 2963 ac
2331 2906 2559 2966 Latinae

360 2998 577 3080 linguae
603 3011 816 3063 auctor
841 3001 1132 3080 egregius.
1174 3000 1269 3059 De
1299 3000 1413 3058 hoc
1443 3000 1668 3079 Caspar
1693 3000 1955 3061 Barlaeus
1983 2999 2089 3060 lib.
2119 3018 2198 3061 11.
2229 3000 2480 3065 Miscell.

606 3098 723 3157 Hic
754 3096 962 3157 Phoebi
982 3096 1169 3169 furiis,
1200 3095 1481 3173 furiisque
1510 3096 1719 3154 exarsit
1747 3096 1994 3157 Orestis.

685 3192 881 3262 Quam
912 3201 1153 3272 praestat
1182 3192 1327 3252 solis
1356 3190 1656 3250 versiculis
1687 3190 1912 3251 furere!

448 3290 717 3369 Scriptor
744 3290 881 3349 vitae
906 3288 1151 3365 Virgilii,
1194 3310 1266 3349 eo
1309 3288 1431 3358 die,
1469 3306 1589 3365 quo
1634 3296 1830 3363 togam
1876 3286 2100 3349 virilem
2127 3289 2334 3348 sumsit
2364 3290 2560 3360 Maro,

364 3382 605 3465 periisse
635 3385 971 3445 Lucretium
1000 3393 1243 3444 testatur
1268 3388 1348 3461 (a.
1382 3380 1457 3443 U.
1488 3381 1559 3442 C.
1589 3380 1793 3455 6930:
1839 3390 1857 3416 ⁸
1877 3383 1990 3442 Alii
2021 3383 2227 3443 eodem
2271 3384 2390 3455 die,
2437 3406 2559 3463 quo

364 3492 539 3542 natus
566 3492 656 3541 est
691 3478 987 3557 Virgilius,
1032 3480 1248 3539 obiisse
1295 3479 1527 3539 ferunt:
1574 3486 1638 3537 et
1683 3476 1894 3556 aliquis
1924 3476 2322 3560 Pythagoreus
2353 3482 2558 3542 credat

366 3576 627 3635 Lucretii
654 3578 902 3635 animam
946 3576 1005 3634 in
1050 3575 1311 3634 Maronis
1351 3593 1564 3652 corpus
1609 3574 1924 3641 transiisse,
1970 3574 2170 3653 ibique
2221 3575 2398 3653 longo
2449 3598 2558 3637 usu

364 3680 425 3731 et
451 3672 635 3732 multo
665 3672 862 3731 studio
888 3670 1287 3741 exercitatam,
1317 3677 1549 3748 poetam
1578 3669 2065 3746 perfectissimum
2107 3671 2380 3731 evasisse.
2462 3676 2558 3732 Au

436 3867 457 3894 ¹
490 3864 667 3913 Euseb.
698 3863 875 3913 Chron.
908 3862 1112 3939 Prosper
1152 3863 1201 3911 in
1245 3862 1422 3912 Chron.
1500 3876 1594 3925 quo
1629 3878 1766 3910 sensu
1799 3864 1940 3912 etiam
1961 3864 2162 3913 Statium
2183 3864 2403 3927 intelligit
2439 3864 2556 3912 Bar-

368 3929 661 3993 Pomponius
678 3928 881 3976 Sabinus
896 3928 961 3975 ad
982 3928 1115 3991 virg.
1138 3924 1313 3992 Georg.
1334 3942 1421 3977 ur.
1500 3926 1644 3983 thius,
1667 3928 1748 3989 qui
1767 3929 1830 3976 ad
1851 3929 1958 3991 ejus
1975 3929 2118 3977 verba
2137 3929 2464 3985 conferendas,
2500 3928 2557 3976 T.

367 3996 481 4043 2⁰2.
502 3994 835 4057 hippomanem
856 3991 1027 4039 bibisse
1045 3992 1129 4041 ait.
1501 4005 1541 4040 1.
1560 4005 1612 4053 p.
1635 3995 1732 4039 260
1752 4006 1806 4055 sq
1842 4026 1857 4042 .
1883 3994 1962 4041 ubi
1979 4001 2186 4041 veterum
2207 3990 2439 4041 heccum
2455 3992 2558 4039 lau-

432 4058 461 4085 ²
492 4056 602 4105 Hoc
624 4059 698 4104 vix
721 4055 945 4105 credibile
958 4054 1074 4104 mihi
1088 4055 1286 4103 videtur.
1319 4052 1422 4101 Nc·
1499 4054 1712 4102 dantium
1759 4068 1820 4103 ve
1885 4058 2152 4106 testimonio
2201 4056 2309 4120 ejus
2358 4054 2560 4105 libenter

368 4135 463 4183 que
498 4137 557 4170 eo
600 4120 831 4184 respicere
880 4127 1042 4183 putem
1094 4119 1293 4167 Statium
1342 4117 1423 4165 lib.
1503 4119 1751 4169 utentium.

365 4184 513 4249 Sylva
550 4200 610 4232 11.
642 4190 690 4235 7.
728 4186 779 4232 in
808 4183 959 4231 verbis
988 4198 1054 4229 vs.
1076 4187 1158 4232 76.
1191 4190 1205 4209 ‘
1224 4190 1275 4229 et
1294 4182 1422 4229 docti
1566 4181 1589 4215 ³
1624 4182 1845 4232 Triennio
1865 4184 2006 4233 citius
2029 4190 2222 4232 mortem
2242 4183 2446 4232 Lucretii
2483 4200 2559 4232 as-

365 4248 494 4297 furor
513 4251 683 4297 arduus
715 4246 954 4297 Lucretii!
1006 4246 1258 4296 Poetarum
1294 4245 1419 4293 enirn
1500 4246 1656 4309 signat
1676 4246 1742 4298 Is.
1765 4246 1962 4296 Vossius
1985 4262 2036 4310 p.
2057 4252 2139 4298 83.
2165 4249 2223 4298 ad
2245 4247 2503 4304 Catullum,
2526 4262 2554 4294 e

367 4312 495 4361 furor
534 4313 798 4369 laudabilis,
825 4310 1165 4371 ἐνθουσιασμός.
1212 4308 1306 4359 Pro
1347 4324 1421 4357 ar·
1497 4310 1733 4375 scriptore
1754 4312 1862 4360 vitae
1883 4312 2086 4376 Virgilii.

368 4378 465 4425 duo
500 4379 515 4407 ⁴
533 4376 786 4426 difficilem'
820 4376 892 4424 ait
920 4374 1238 4433 Quintilianus
1275 4390 1326 4421 x.
1368 4378 1415 4425 1.
