3200 4959
598 428 665 473 Τ.
716 425 1077 473 chnn‘ml
1118 426 1303 473 :CARI
1354 427 1449 475 DE
1498 426 1766 475 RERUM
1813 427 1993 477 NAT.
2047 429 2185 476 [AB.
2237 429 2336 476 v1.

412 566 543 617 nexa
566 568 663 616 sit:
700 566 777 617 his
818 572 989 617 autem
1010 568 1241 617 omuibus
1280 582 1347 617 ex
1382 568 1471 617 illo

406 643 583 706 lapide
606 644 683 693 vis
706 659 767 693 ac
788 650 1014 707 potestas
1036 643 1190 693 insita
1211 643 1470 707 pendeat:

466 800 565 845 913
592 797 773 846 Ordine
784 796 1037 858 demissos]
1056 796 1143 846 Sic
1164 796 1267 859 legi
1286 794 1465 857 debet,

402 886 507 921 non
526 874 691 921 ordine
710 873 922 922 demisso.
956 872 1141 922 Lamb.

468 946 913 1007 Iaevibnjactarier
928 948 1083 1011 auris]
1116 948 1331 997 Secutus
1348 962 1460 997 sum

398 1021 569 1071 libros'
582 1036 845 1073 manuscr.
881 1023 935 1072 in
958 1024 1035 1072 bis
1054 1024 1375 1085 Tettianum,
1404 1030 1461 1073 et

400 1098 803 1148 Memmianuruz
839 1098 1143 1164 quibuscum
1166 1106 1458 1163 congruunt

398 1176 599 1238 vulgati
620 1175 927 1225 Florentini.
948 1175 1111 1225 ceteri
1133 1175 1325 1226 habent
1342 1177 1457 1225 lem·-

398 1250 485 1301 btoe
501 1250 741 1311 ,iactarier
758 1253 933 1302 Minis.
968 1267 1123 1317 quarn
1144 1253 1456 1316 scripturam

398 1328 639 1391 probare,
660 1339 741 1378 'au
778 1329 1077 1393 improbare
1098 1329 1335 1390 debeam,
1368 1344 1456 1379 ue-

396 1404 521 1455 seio.
567 1404 733 1453 Lamb-
811 1405 1036 1457 Quidam
1072 1406 1187 1455 libri
1227 1414 1454 1469 veteres,

394 1478 581 1537 Mutis,-
610 1480 765 1530 etiam
788 1486 953 1531 recte.
976 1488 1033 1530 ut
1054 1494 1193 1546 mox,
1209 1482 1454 1545 vinclaque

392 1556 559 1604 noxit.
592 1554 765 1605 Gii'an.
829 1554 955 1620 Alii,
988 1556 1173 1607 hamis.-
1206 1558 1291 1607 isti
1326 1573 1452 1607 vero

392 1627 617 1692 frustra3
650 1644 819 1695 neque
839 1632 977 1681 enim
1004 1633 1106 1681 ista
1124 1647 1255 1683 voce
1278 1633 1375 1683 lioc
1395 1635 1449 1683 in

389 1703 507 1752 loco
526 1711 763 1756 uteretur
784 1706 1081 1770 Lucretius,
1100 1721 1202 1771 qua
1222 1715 1345 1757 ante
1372 1724 1447 1759 vs.

390 1782 539 1829 1087.
572 1781 651 1830 uti
684 1794 787 1829 non
824 1781 1037 1831 debuitt
1078 1776 1249 1846 neque
1283 1784 1447 1834 hamis

382 1854 653 1917 jactantur
678 1858 873 1919 annuli,
896 1864 953 1907 at
970 1858 1169 1908 levibus
1188 1860 1325 1909 auris
1341 1860 1445 1922 agi-

388 1930 491 1979 tari
514 1932 629 1995 quis
648 1933 837 1993 nescit,
853 1933 943 1998 qui
964 1934 1093 1985 vidit
1108 1935 1321 1985 annulos
1338 1950 1446 1986 sus·

386 2008 614 2068 pensos?
652 2008 845 2059 Urceoli.

451 2085 545 2130 915
582 2083 779 2147 Nescit]
808 2084 999 2135 Sentit.
1038 2086 1209 2137 Faber.

448 2162 547 2208 916
580 2160 945 2225 Permanunter]
999 2163 1044 2215 1.
1084 2180 1131 2215 e.
1166 2179 1231 2213 eo
1273 2166 1442 2224 modo,

382 2242 447 2285 ut
482 2245 752 2298 permanet
790 2247 843 2288 et
874 2240 1145 2303 perveniat
1166 2241 1231 2290 ad
1253 2242 1440 2291 multas

382 2324 468 2358 res
487 2310 703 2363 ferreas.
735 2314 903 2365 Lumb-

446 2390 542 2434 917
578 2387 688 2435 Hoc
722 2402 871 2449 genus
902 2391 955 2437 in
986 2390 1147 2453 rebus]
1184 2390 1247 2439 In
1284 2391 1437 2441 rebus

378 2464 537 2551 hujus
556 2466 781 2529 generis.
826 2467 990 2517 Lamb-
1052 2467 1435 2533 Προθερόπευσιε.

386 2540 755 2667 Ὕΐααπαιηι
790 2624 861 2667 ent
890 2620 1063 2681 multu]
1113 2621 1159 2670 1.
1184 2635 1233 2670 e.
1272 2622 1435 2672 multa

374 2688 629 2742 firmanda
680 2701 821 2755 sunt,
876 2697 959 2743 vel
1012 2696 1177 2745 multa
1226 2696 1433 2748 firmare

374 2772 603 2829 oportet,
620 2774 679 2817 ut
695 2784 808 2832 sup.
828 2774 875 2819 1.
893 2774 1005 2837 112.
1031 2772 1047 2798 ‘
1061 2771 1299 2820 AEternas
1313 2788 1435 2837 quo-

372 2841 515 2891 niam
570 2858 747 2907 poenas
794 2845 847 2893 in
900 2854 1069 2895 morte
1118 2848 1437 2897 timendum!

437 2995 538 3040 919
567 2993 747 3055 Longis
775 2980 1071 3060 ambagibus]
1122 2999 1311 3063 Longis
1332 3000 1429 3049 cir·

374 3067 685 3118 enitionibus
698 3084 867 3119 rernm
886 3086 947 3120 ac
969 3072 1259 3123 verborum.
1282 3076 1430 3139 Virg-

376 3142 575 3206 Georg.
596 3149 646 3195 2.
662 3149 742 3195 45.
760 3149 777 3173 ⁴
798 3160 897 3195 non
917 3146 1003 3197 hic
1024 3157 1079 3197 te
1096 3149 1322 3197 carmine
1338 3149 1427 3205 fic,

368 3224 445 3279 to,
473 3219 647 3284 Atque
669 3234 766 3284 per
786 3223 1045 3285 ambages,
1074 3232 1130 3274 et
1160 3226 1317 3289 longa
1336 3241 1427 3276 ex·

367 3306 487 3342 orsa
511 3294 737 3346 tenebo.'
768 3296 939 3347 Lamb-

435 3373 529 3417 921
566 3370 833 3434 Principio,
864 3372 1077 3423 omnibus
1092 3390 1124 3423 a
1142 3374 1299 3437 rebus,
1318 3376 1425 3439 δῖα]

370 3446 459 3497 Sic
475 3446 587 3497 fere
603 3464 719 3512 sup.
738 3454 787 3499 4.
804 3454 921 3501 217.
942 3452 959 3478 ‘
973 3452 1149 3503 Quare
1166 3454 1325 3503 etiam
1346 3463 1419 3504 at-

368 3537 471 3586 que
508 3524 663 3573 etiam
694 3527 835 3583 mitti
857 3527 969 3575 haec
990 3526 1189 3577 fateare
1212 3544 1423 3580 necesse

366 3604 452 3646 est
476 3598 727 3663 Corpora,
762 3615 875 3664 quae
910 3600 1103 3651 feriant
1130 3606 1327 3667 oculos,
1350 3608 1421 3655 vi·

366 3688 583 3738 sumque
603 3674 897 3739 lacessant,'
914 3680 1013 3727 &c.
1045 3678 1119 3729 ibi
1136 3681 1272 3729 enim
1296 3682 1419 3731 duo-

367 3748 535 3799 decim
577 3766 773 3813 versus,
812 3752 900 3817 qui
937 3754 1020 3803 hic
1056 3753 1305 3820 deinceps
1340 3773 1419 3808 se·

365 3835 615 3888 quantur,
652 3827 763 3876 siue
799 3828 904 3877 ulla
923 3827 1032 3878 fere
1054 3832 1310 3882 varietate
1330 3849 1420 3897 po-

366 3902 455 3952 siti
481 3908 617 3953 sunt.
656 3903 821 3954 Lamo.

429 3981 527 4026 924
554 3979 719 4027 Certis
738 3980 801 4027 ab
836 3980 975 4029 rebus
1006 3983 1191 4047 odores]
1222 3985 1417 4037 Marul-

364 4053 465 4115 lus,
494 4061 549 4102 et
575 4054 876 4115 Lambinus,
906 4056 1088 4117 obortu,
1112 4068 1293 4109 contra
1310 4076 1415 4111 om·

364 4142 459 4177 nes
491 4130 688 4191 libr-0⁸3
720 4133 873 4181 male.
928 4132 1065 4183 Vide
1092 4149 1205 4197 sup.
1229 4142 1277 4187 4.
1302 4142 1415 4189 219.

368 4204 541 4265 Gisun.
609 4206 673 4255 ln
713 4208 871 4257 tertia
904 4213 1077 4259 tamen
1100 4211 1227 4263 edit.
1264 4214 1415 4265 Lam·

361 4280 533 4342 binus,
552 4284 739 4347 odores,
760 4283 1006 4335 restituit.

2425 411 2596 479 1687

1607 571 1706 617 926
1739 564 1924 617 Exem
1955 569 2228 632 morum]
2263 570 2350 619 Sic
2382 570 2484 632 legi
2504 569 2594 621 de-

1545 643 1678 691 bet:
1733 650 1788 692 et
1831 642 1907 691 ita
1961 644 2209 705 scriptum
2243 644 2505 707 reperitur
2541 644 2594 693 in

1542 726 1784 782 quattuor
1821 719 1964 768 libris
2018 732 2271 768 manuscr.
2305 728 2359 767 et
2397 721 2596 784 aliquot

1543 795 1680 859 vulg.
1715 810 1958 845 moerorum
1994 802 2170 844 autem
2207 798 2430 859 positum
2475 812 2592 861 pro,

1539 884 1819 931 murorum,
1837 888 1895 934 oe,
1919 886 2012 933 pro
2035 886 2093 920 u.-
2139 879 2196 921 ut
2219 888 2250 921 a
2273 887 2423 936 poena
2445 875 2460 902 ‘
2480 888 2590 937 poe-

1540 945 1674 1006 uiri,'
1710 961 1800 995 seu
1839 948 1855 973 ⁸
1880 948 2048 1009 puniri
2067 946 2099 1007 ς’
2135 963 2167 996 a
2210 948 2412 1011 Poenis,
2445 956 2460 978 ‘
2483 951 2589 1001 Pn-

1534 1020 1702 1083 nicus,
1725 1036 1772 1082 a,
1797 1021 1914 1071 mn!
1935 1022 2000 1071 de
2025 1037 2127 1087 quo
2159 1038 2274 1087 sup.
2293 1029 2474 1075 4229.
2500 1027 2588 1077 ubi

1532 1095 1583 1143 hi
1628 1110 1804 1145 versus
1829 1098 1942 1159 jam
1981 1105 2102 1149 ante
2138 1101 2297 1163 positi
2338 1110 2478 1167 sunt,
2527 1110 2586 1153 ut

1532 1171 1658 1223 dixi.
1688 1172 1856 1223 [Δηώ.
1904 1174 1987 1223 Ita
2004 1174 2293 1241 (maerorem)
2315 1185 2419 1228 vet.
2443 1178 2583 1229 libri.

1534 1246 1706 1308 Gifan.

1592 1328 1690 1375 927
1725 1326 1826 1375 Per
1846 1328 2008 1391 auras]
2041 1327 2338 1390 Legendum
2371 1344 2460 1393 per
2497 1346 2581 1380 au-

1526 1401 1638 1449 reis.
1676 1401 1855 1451 Lamb.

1589 1478 1767 1541 Aures]
1820 1479 1884 1528 In
1926 1478 2094 1541 libris,
2124 1495 2280 1530 nurus.
2343 1480 2448 1531 Sed
2472 1480 2577 1531 vid.

1526 1566 1642 1615 sup.
1666 1558 1713 1602 4.
1733 1557 1850 1603 222.
1889 1554 2070 1621 Gilua,

1592 1632 1691 1677 930
1730 1630 1850 1677 Cum
1867 1628 2046 1678 tuimur
2063 1630 2272 1694 misceri]
2291 1631 2449 1683 Hunc
2468 1646 2584 1681 ver-

1524 1716 1637 1751 sum
1658 1702 1854 1766 profert
1875 1705 2172 1755 Priscianus
2192 1706 2282 1758 lib.
2305 1712 2354 1757 8.
2389 1708 2556 1758 Lamb.

1585 1783 1682 1827 935
1721 1780 1942 1844 Cernere,
1961 1780 2067 1843 ξω]
2101 1781 2224 1833 vid.
2249 1798 2365 1846 sup.
2381 1788 2433 1833 4.
2457 1789 2573 1834 2³⁰.

1524 1854 1696 1915 Gifan.

1581 1935 1682 1981 936
1729 1933 1873 1981 Nunc
1915 1948 2071 1982 omnes
2112 1935 2342 1997 repetam]
2399 1936 2572 2001 Nunc,

1517 2007 1703 2071 inquit,
1740 2008 1910 2057 denuo
1955 2010 2385 2074 commemorabo,
2419 2028 2572 2076 quam

1518 2098 1637 2132 raro
1659 2097 1880 2145 corpore
1905 2084 2008 2133 sint
2043 2084 2282 2147 praedita!
2322 2101 2404 2136 res
2428 2089 2572 2151 geni·

1516 2165 1603 2207 tae.
1637 2159 1762 2207 nihil
1787 2166 1870 2208 est
1892 2160 2027 2209 enim
2052 2160 2188 2209 omni
2215 2176 2281 2209 ex
2303 2169 2456 2225 parte
2491 2178 2569 2213 so·

1512 2233 1674 2282 lidum
1709 2243 1904 2296 praeter
1935 2234 2218 2297 primordia
2262 2252 2461 2287 rerum:
2515 2246 2572 2289 et

1516 2310 1674 2358 rebus
1696 2310 1935 2369 omnibus
1967 2310 2160 2373 genitis
2185 2312 2464 2363 admistum
2489 2325 2570 2365 est

1510 2384 1758 2446 inane,ut
1792 2385 1970 2434 docuit
1991 2386 2079 2434 lib.
2105 2391 2148 2436 l.
2181 2387 2349 2436 Lumb-

1572 2465 1669 2510 937
1707 2462 1846 2518 Quod
1867 2463 1918 2510 in
1936 2461 2094 2525 primo
2127 2478 2302 2526 quoque
2338 2466 2568 2529 carmine]

1508 2536 1689 2587 Primo
1713 2537 1864 2587 libro.
1885 2537 1962 2586 ibi
1985 2537 2120 2587 enim
2139 2538 2208 2587 de
2229 2539 2370 2589 inani
2393 2541 2568 2605 dispu-

1510 2614 1661 2661 tavit.
1695 2613 1864 2662 Lumb.
1885 2620 1940 2661 et
1966 2612 2085 2661 Fab.

1595 2688 1806 2749 claret]
1874 2688 2203 2751 Declaratur,
2257 2692 2573 2745 ostenditur.

1505 2764 1674 2815 Lumb.

1571 2845 1668 2890 941
1706 2840 1822 2889 Nisa·
1855 2854 2022 2901 corpus
2058 2840 2262 2889 mixtum
2297 2842 2454 2906 imi]
2479 2844 2565 2893 lta

1506 2931 1572 2965 ex
1607 2915 1920 2980 quibusdam
1947 2921 2051 2965 vet.
2089 2916 2290 2979 scripsi,
2313 2927 2562 2980 poscente

1504 2993 1662 3041 etiam
1703 3006 1818 3041 eum
1859 2990 2093 3041 ordinem
2135 2994 2411 3044 sententia.
2495 2996 2560 3045 In

1506 3070 1640 3131 aliis,
1664 3069 1856 3117 mistum
1878 3082 2057 3129 corpus.
2092 3065 2266 3117 Gifan.

1506 3188 1511 3195 .
1566 3148 1664 3193 943
1700 3144 1885 3192 sudent
1925 3142 2140 3205 humore]
2161 3144 2388 3194 Tralatio
2411 3154 2492 3195 est
2526 3162 2558 3195 a

1501 3221 1660 3271 rebus
1706 3220 1965 3269 animatis.
2019 3220 2105 3267 sie
2145 3235 2265 3283 sup.
2308 3224 2558 3273 translate

1503 3298 1641 3348 dixit
1683 3302 1732 3347 5.
1788 3298 1936 3345 1128.
1998 3295 2283 3357 ‘sanguine
2331 3298 2558 3347 sudent?

1499 3373 1590 3423 sed
1617 3371 1713 3421 inf.
1730 3385 1806 3420 vs.
1829 3374 1975 3419 1145.
1998 3370 2236 3432 proprie:
2260 3372 2556 3424 ‘sudabant

1498 3450 1658 3499 etiam
1703 3446 1882 3499 fauces
1920 3445 2230 3495 intrinsecus
2273 3453 2388 3497 atro
2425 3450 2552 3499 San·
2643 3458 2654 3475 Χ

1497 3522 1691 3588 guine.'
1723 3522 1889 3571 Lamb.

1550 3604 1652 3650 946
1669 3598 1869 3648 Diditur
1882 3597 1932 3646 in
1943 3596 2172 3660 venasJSi
2186 3598 2393 3649 Diditur
2401 3602 2542 3665 lega-

1496 3690 1628 3737 mus,
1650 3674 2101 3736 iuterpretandum
2125 3674 2225 3723 erit
2246 3676 2550 3743 dissipatur,

1493 3751 1830 3814 dispergitur,
1861 3763 1922 3799 ac
1961 3749 2351 3814 distribuitur,a
2388 3754 2549 3803 verbo

1494 3826 1636 3887 dido,
1658 3828 1719 3887 is,
1735 3824 1917 3887 dididi,
1929 3825 2166 3875 diditum.
2181 3828 2354 3876 malim
2373 3836 2546 3879 autem

1489 3902 1595 3965 legi
1614 3902 1834 3961 Didima,
1851 3908 1908 3949 ut
1931 3902 1998 3948 sit
2022 3901 2132 3951 haec
2157 3903 2446 3951 sententia:
2473 3904 2544 3951 ci·

1490 3978 1587 4029 bus
1629 3977 1680 4025 in
1717 3988 1872 4025 venas
1899 3976 2106 4027 ,omneis
2138 3976 2354 4039 diditus,
2389 3984 2546 4042 stiget

1490 4059 1686 4119 alitque
1721 4055 1876 4105 etiam
1901 4063 2158 4103 extremas
2197 4056 2392 4118 parteis
2430 4073 2545 4108 cor-

1489 4132 1645 4195 poris.
1667 4143 1958 4193 quanquam
1982 4130 2024 4177 si
2050 4130 2255 4179 Diditur
2270 4132 2432 4197 legas,
2459 4149 2546 4185 ea.

1488 4209 1606 4257 dem
1665 4206 1779 4256 fere
1813 4206 2074 4256 sementia
2115 4207 2236 4259 erit.
2283 4224 2398 4258 cum
2446 4212 2545 4261 boe

1487 4285 1610 4333 loco
1633 4282 1878 4346 congruit
1897 4282 1983 4332 ille
2008 4286 2056 4333 1.
2079 4286 2193 4335 351.
2259 4286 2274 4313 ‘
2298 4286 2546 4349 Dissupat
