3200 4959
569 420 636 466 τ.
685 418 1044 467 nucnn'rn
1093 418 1274 467 cim
1331 418 1428 467 nn
1479 418 1743 467 nanum
1794 420 1967 470 uxr.
2016 422 2160 469 mn.
2206 422 2309 470 iv.
2396 406 2571 473 1397

369 563 518 615 libris
539 578 792 613 manuscr.
826 563 916 612 alii
951 562 1203 613 haberent
1223 564 1430 613 exsieca-

368 651 516 704 reque
544 640 698 702 cepit,
729 646 786 688 ct
817 640 896 689 ita
933 640 1162 688 nonnulli
1199 640 1430 703 vulg-133

371 719 458 767 alii
480 733 536 766 nc
564 717 738 765 siccare
757 716 917 779 caspie,
936 716 1103 765 ceteri
1120 717 1258 779 vulg.
1271 732 1328 765 ac
1341 717 1432 765 sie·

372 808 482 841 care
509 792 686 854 recepit
699 808 720 848 ,-
752 792 1074 854 exsicunt-eque
1109 792 1251 855 coepit
1273 806 1434 841 excu-

371 868 596 917 dendum
617 866 812 929 curavi,
833 882 934 917 non
967 869 1369 931 improbaturus,
1390 870 1433 918 si

371 943 484 1007 quis
507 943 656 991 malit
675 958 732 992 ac
751 944 928 993 decore
947 945 1140 1006 recepit.
1164 945 1180 972 ‘
1201 947 1402 1009 recepit
1417 944 1432 969 '

374 1026 550 1067 autem
573 1018 956 1082 interpretabor
977 1018 1236 1081 ἀνεδέξατο.
1269 1021 1434 1069 lamb.

373 1094 720 1155 Essiceareque
739 1092 894 1155 σαφῆ.
960 1094 1046 1143 Ito
1076 1094 1131 1142 in
1156 1094 1434 1156 veteribus,

375 1175 538 1217 recte.
607 1168 776 1228 Gifon.
838 1168 894 1217 Si
917 1169 1081 1232 bugd.
1103 1169 1224 1219 Bat.
1261 1169 1431 1219 Codd.

377 1244 526 1307 sequi
548 1244 781 1306 velimus,
805 1244 891 1307 qui
915 1258 1016 1293 una
1035 1258 1152 1294 cnm
1187 1245 1300 1295 aliis
1322 1244 1432 1309 qui-

375 1321 593 1371 busdam
613 1321 806 1371 habent
818 1336 876 1371 uc
890 1322 1068 1370 siccare
1083 1323 1243 1384 coepit,
1259 1321 1434 1370 dicen-

378 1398 518 1459 dum,
557 1397 775 1447 distrahi
820 1398 872 1446 in
915 1397 1214 1447 scandendo
1255 1397 1436 1447 ultima

378 1473 594 1533 debere,
615 1478 669 1521 et
690 1473 846 1522 scribi
869 1473 1039 1535 eoepit.
1105 1473 1306 1521 Havcr.

441 1552 540 1599 624
575 1549 676 1597 Per
709 1548 890 1611 caulos]
931 1549 1040 1597 Per
1079 1562 1346 1610 cavernas,
1383 1554 1438 1597 et

381 1625 652 1687 cavitates,
675 1638 767 1673 seu
805 1630 1024 1686 meatus,
1058 1631 1114 1673 et
1145 1623 1230 1688 (nt
1265 1624 1438 1675 Graeci

379 1699 670 1766 nominant)
695 1714 863 1763 poros.
910 1700 1105 1763 Sup.3.
1127 1704 1240 1749 702.
1283 1699 1438 1749 ‘Dis-

383 1777 608 1839 pertitur
623 1777 758 1832 enim
781 1792 876 1840 per
897 1778 1073 1825 caulas
1087 1776 1318 1839 corporis
1333 1790 1439 1825 om·-

381 1851 531 1905 neis!
565 1858 618 1900 et
635 1856 684 1901 2.
707 1857 820 1902 95⁰.
887 1858 902 1879 ‘
925 1851 1331 1917 Dispersarnqne
1362 1852 1440 1901 fo·

383 1941 462 1975 ras
479 1942 578 1991 per
593 1929 766 1978 caulas
777 1927 922 1991 ejicit
933 1927 1161 1976 omneis?
1178 1933 1232 1977 et
1243 1942 1319 1977 vr.
1329 1932 1443 1977 491.

381 2004 397 2029 ‘
423 2004 668 2067 Undique
703 2003 1112 2068 quandoquidem
1143 2018 1236 2067 per
1273 2006 1445 2053 caulas

381 2080 596 2127 etheris
633 2078 859 2134 omneis‚’
900 2082 998 2129 διο.
1047 2080 1163 2127 eod.
1199 2078 1290 2127 lib.
1328 2082 1442 2127 839.

380 2157 396 2184 ‘
417 2156 744 2219 Dispergunt
775 2155 964 2203 animas
1005 2168 1098 2218 per
1121 2155 1298 2204 caulas
1331 2168 1444 2203 cor-

385 2232 530 2296 poris
549 2232 784 2282 omneis?
847 2232 1026 2281 Lamb-

445 2312 544 2358 625
577 2308 804 2371 Diditur]
838 2307 1194 2370 Dispergitnr,
1223 2321 1314 2355 sen
1343 2306 1446 2355 dis·

385 2386 606 2449 eipatnr,
627 2399 717 2433 seu
743 2381 998 2433 differtur.
1063 2384 1230 2433 Lamb.

449 2462 552 2511 Per
567 2462 710 2523 plexa
717 2459 986 2521 foramina]
1019 2460 1140 2509 Sive
1171 2461 1314 2523 legas
1335 2474 1442 2523 per-

383 2538 544 2601 plexa,
563 2552 665 2586 uno
687 2536 913 2598 nomine,
949 2537 1055 2585 sive
1075 2552 1160 2599 per
1186 2539 1347 2599 plexa,
1362 2552 1446 2586 se-

389 2614 632 2676 paratim,
670 2619 726 2660 et
759 2612 957 2661 duabus
997 2613 1228 2674 vocibus,
1267 2630 1446 2677 parurn

389 2689 575 2741 refertz
607 2690 660 2737 in
698 2688 1000 2737 Bertiniano
1033 2690 1242 2752 quidem
1265 2690 1446 2737 codice

393 2772 450 2815 et
484 2764 796 2814 Memmiana
825 2765 1076 2827 scriptum
1113 2766 1450 2827 estperplexu

395 2841 749 2903 conjunctim}
801 2840 852 2887 in
893 2838 1082 2889 Faern.
1130 2851 1300 2903 neque
1341 2854 1447 2901 per·

389 2918 557 2982 plexa,
580 2930 748 2979 neque
773 2930 858 2977 per
879 2916 1046 2977 plexa,
1065 2913 1156 2961 sed
1189 2928 1275 2975 per
1291 2913 1449 2976 flexa.

395 2992 580 3042 Lamb.
627 2992 728 3040 Per
746 2992 904 3053 plexa.
947 2989 1010 3038 In
1033 2988 1339 3053 quibusdam
1359 2990 1450 3041 lib.

385 3070 634 3131 perplexa.
701 3065 880 3115 Gifan.

459 3147 560 3191 626
597 3141 840 3191 Munditiis
853 3156 1046 3203 corporo
1061 3139 1224 3203 ὅκοι-ι’]
1257 3142 1453 3206 Corpo-

286 3254 290 3257 -
397 3233 454 3267 ra
492 3218 677 3281 prima,
713 3229 782 3265 ex
823 3217 1014 3281 quibus
1051 3230 1234 3267 succus
1270 3216 1452 3281 aliquis

399 3300 624 3343 constat.
689 3293 856 3343 Lmnb.

460 3374 558 3419 627
593 3369 820 3418 Suaviter
861 3369 1018 3418 omnia
1059 3368 1288 3430 tractant]
1327 3369 1454 3417 Sua-

399 3448 538 3497 viter
571 3448 915 3511 permulcent,
955 3454 1012 3496 et
1052 3447 1323 3496 delectant
1358 3446 1456 3495 lin-

391 3538 572 3587 guam.
633 3522 802 3572 Lamb.

461 3604 560 3649 628
599 3598 812 3659 Linguoi
829 3598 1008 3647 circum
1019 3598 1245 3647 sudantia
1262 3596 1456 3660 templo]

397 3676 538 3725 Satis
567 3675 738 3723 audax
774 3675 1076 3737 metaphora
1097 3674 1262 3723 videri
1286 3680 1460 3738 queat,

403 3750 655 3813 templum
679 3749 865 3811 linguae
883 3764 978 3812 pro
1001 3749 1174 3811 palato
1193 3766 1210 3809 3
1243 3748 1333 3797 sed
1353 3764 1460 3797 om-

405 3827 487 3875 nis
525 3827 674 3873 locus
711 3830 954 3873 extensus
993 3830 1049 3885 et
1085 3834 1270 3887 patens
1303 3824 1355 3871 in
1379 3838 1462 3872 ve·

403 3903 502 3952 teri
536 3900 694 3951 Latio
729 3901 974 3963 ternplum
999 3900 1286 3948 dicebatur.
1353 3900 1462 3947 De-

403 3978 526 4027 inde
558 3975 618 4026 ·tb
648 3977 850 4037 ὑπερῷον
871 3990 964 4025 seu
995 3976 1195 4037 ὑπερῷα,
1213 3989 1314 4039 qua
1336 3988 1464 4024 voce

407 4052 584 4103 Graeci
619 4052 635 4079 ⁶
660 4053 890 4115 palatum
911 4050 928 4075 ’
967 4050 1276 4113 significant,
1313 4059 1372 4101 nt
1411 4057 1467 4099 et

397 4127 612 4191 -οὐρανὸς,
649 4141 750 4175 non
783 4127 996 4177 minoris
1037 4126 1269 4175 audaciae
1303 4126 1466 4175 videri

409 4205 602 4253 debent
617 4220 636 4264 ς
667 4218 974 4268 quamquam
989 4217 1090 4253 non
1109 4203 1270 4254 aliter
1283 4203 1467 4266 pedes-

413 4290 520 4333 tres
563 4281 846 4345 scriptores
890 4280 1250 4345 loquebantur.
1330 4280 1469 4339 Quid

1505 569 1703 625 autem,
1724 564 1899 627 poetae
1936 578 2039 614 non
2072 564 2232 614 liceat
2264 564 2454 615 illustri
2477 566 2571 615 ali·

1507 652 1609 700 qna
1630 638 1966 690 similitudine
2000 648 2093 690 ant
2128 640 2451 703 metaphora,
2468 644 2569 694 &c-

1505 726 1616 763 rem
1642 715 1845 764 variare
1866 716 1885 763 ?
1953 716 2131 766 Faber.

1569 792 1665 837 681
1702 790 1890 839 Deinde
1922 792 2137 855 voluptas
2178 790 2275 854 est]
2324 792 2457 844 Qun
2502 806 2571 843 ex

1506 861 1639 913 cibis
1691 870 1747 914 et
1791 865 1960 914 succis
2002 866 2294 931 percipitur
2334 868 2573 932 voluptas

1503 939 1719 1005 (inquit)
1739 954 1801 989 ea
1833 946 1941 990 tota
1976 942 2139 1005 palati
2162 948 2221 991 et
2241 942 2431 1007 lingum
2454 942 2572 993 fini-

1506 1014 1600 1065 bus
1624 1024 1677 1065 et
1708 1017 1999 1080 regionibns
2034 1017 2333 1067 continetur
2368 1032 2430 1067 ao
2465 1026 2573 1069 ter·

1505 1091 1749 1143 minatur.
1816 1093 1919 1143 Ubi
1940 1092 2077 1143 enim
2112 1094 2263 1143 cibus
2297 1094 2349 1142 in
2374 1094 2569 1143 ventri·

1507 1168 1677 1217 culum
1713 1184 1949 1232 praeceps
1984 1179 2129 1219 actus
2164 1178 2264 1229 est,
2290 1170 2431 1219 nulla
2456 1170 2571 1233 jam

1508 1243 1705 1308 reliqua
1720 1252 1804 1294 est
1826 1246 2083 1308 voluptas.
2150 1246 2339 1310 Itaque
2356 1260 2457 1295 non
2476 1248 2571 1295 im-

1507 1320 1693 1369 merito
1708 1320 1959 1383 Nigrinus
1984 1322 2067 1369 ille
2091 1335 2180 1371 eos
2198 1322 2469 1384 irridebat,
2484 1323 2573 1387 qui

1508 1394 1624 1457 pius
1646 1394 1807 1443 nimio
1847 1394 2005 1443 studii
2029 1396 2081 1443 in
2120 1410 2381 1445 coenarum
2417 1409 2577 1461 appa·

1509 1474 1650 1531 ratu,
1672 1477 1727 1519 et
1762 1484 2029 1519 succorum
2053 1470 2330 1531 varietate,
2354 1476 2409 1521 et
2429 1472 2569 1521 cibo·

1511 1560 1623 1595 rum
1668 1546 2005 1596 condimentis
2047 1546 2369 1598 adhiberent.
2422 1547 2572 1609 ‚Nam

1509 1622 1603 1671 bos
1640 1621 1809 1671 brevis
1847 1621 2131 1685 voluptatis
2174 1637 2350 1673 amore
2392 1631 2577 1688 captos

1510 1698 1727 1747 multum
1772 1696 1971 1759 negotii
2015 1697 2371 1762 molestiaeque
2414 1700 2575 1749 susci·

1515 1787 1655 1835 pere.
1734 1772 2066 1823 Ostendebat
2118 1773 2274 1834 enim,
2328 1781 2577 1837 quattuor

1513 1850 1793 1914 digitorum
1816 1864 1971 1899 causa
1990 1856 2157 1899 totum
2180 1850 2315 1899 hunc
2334 1850 2399 1897 ab
2422 1851 2481 1898 iis
2504 1852 2576 1899 la·

1516 1926 1691 1975 horem
1734 1923 1984 1986 perferri;
2018 1940 2169 1988 qnam
2201 1926 2577 1987 longitudinem

1516 2003 1869 2066 longissimum
1902 2001 2119 2050 hominis
2155 2008 2334 2063 guttur
2371 2016 2471 2050 non
2495 2018 2577 2051 su-

1519 2086 1683 2142 perat.
1750 2078 2092 2141 Namneque
2135 2084 2255 2126 ante
2292 2092 2447 2140 quam
2488 2093 2576 2127 co-

1517 2165 1763 2218 messent,
1803 2172 1867 2205 ex
1912 2156 2135 2206 obsoniis
2178 2170 2367 2220 magno
2408 2159 2579 2221 pretio

1517 2236 1671 2285 emtis
1685 2234 1911 2285 fructum
1936 2249 2147 2297 capere,
2162 2248 2331 2297 neque
2356 2235 2583 2285 obsoniis

1515 2310 1619 2360 illis
1633 2311 1743 2373 jam
1764 2313 1816 2358 in
1839 2309 2155 2359 stomachum
2178 2311 2416 2373 primum,
2440 2310 2583 2359 dein-

1519 2388 1584 2437 de
1599 2387 1653 2437 in
1674 2386 2013 2435 ventriculum
2034 2386 2221 2448 linguae
2236 2393 2379 2434 motu
2400 2385 2580 2448 depul-

1519 2464 1589 2513 sis
1626 2478 1687 2513 ac
1724 2462 1968 2523 detrusis,
2008 2462 2301 2511 satietatem
2343 2476 2410 2511 ex
2449 2462 2583 2511 cibis

1517 2538 1797 2589 carioribus
1826 2536 2115 2601 profectam
2138 2539 2427 2587 suaviorem
2450 2552 2584 2589 esse.

1519 2614 1608 2664 Ita
1640 2614 1754 2662 illos
1788 2626 1899 2662 enm
1925 2613 2268 2675 voluptatem,
2291 2628 2405 2677 quae.
2432 2612 2493 2661 fit
2532 2614 2587 2661 in

1522 2687 1910 2739 transmissione
1947 2696 2001 2737 et
2040 2690 2181 2751 quasi
2213 2689 2433 2751 trajectu
2466 2696 2583 2752 gut·

1525 2766 1669 2827 turis,
1686 2770 1831 2813 tanta
1853 2763 2072 2825 pecnnia
2095 2778 2299 2827 parare.
2364 2764 2499 2815 Haec
2520 2780 2587 2813 ex

1523 2842 1753 2891 Luciauo
1778 2841 1830 2888 in
1856 2840 2111 2902 Nigrin03
2145 2856 2260 2903 quae
2294 2848 2473 2891 nostro
2504 2854 2585 2891 ar-

1524 2916 1719 2965 bitratu
1745 2915 2011 2965 vertimus.
2076 2916 2247 2967 Lamb.
2350 2944 2352 2947 ⁴

1587 2993 1651 3041 In
1684 2992 1790 3053 fine
1834 2991 2009 3061 paimei]
2042 2992 2295 3041 Voculam
2336 2994 2397 3041 In
2440 2993 2585 3045 delet

1525 3067 1833 3117 Palmerius.
1902 3066 2025 3115 Fine
2060 3068 2228 3129 palati,
2260 3068 2295 3115 i.
2318 3082 2365 3117 e.
2397 3082 2583 3130 quous-

1527 3156 1627 3206 que
1645 3142 1873 3205 palatum
1892 3140 2172 3203 pertingit:
2207 3142 2280 3188 sic
2293 3141 2587 3191 Sallustius.

1528 3218 1544 3244 ‘
1568 3218 1695 3265 Fine
1717 3216 1981 3279 inguinum
2021 3214 2381 3277 ingrediuntur
2406 3215 2585 3265 mare!

1527 3291 1812 3355 Apuleius:
1849 3295 1863 3319 ‘
1890 3290 2162 3351 Paulisper
2188 3290 2291 3340 fine
2322 3290 2587 3355 inguinum

1526 3368 1715 3418 lacinia
1747 3366 1981 3417 remota!
2050 3368 2240 3418 Creech.
2304 3368 2488 3417 Deleri
2519 3368 2586 3417 is-

1529 3445 1625 3494 tud
1663 3445 1717 3493 in
1753 3452 1894 3495 recte
1924 3442 2119 3506 jubent
2154 3445 2281 3493 Mss.
2318 3445 2504 3506 optimi
2537 3451 2593 3493 et

1529 3520 1729 3571 clariss.
1772 3520 2046 3569 Bentleius
2082 3519 2145 3567 ad
2188 3519 2380 3568 Horat.
2414 3519 2588 3574 0d.2.

1532 3600 1614 3646 18.
1636 3600 1717 3644 30.
1744 3594 2004 3657 siguificat
2042 3596 2178 3642 enim
2212 3596 2387 3658 palato
2426 3602 2595 3653 tenus,

1533 3682 1585 3721 et
1625 3685 1726 3720 non
1764 3672 1903 3719 ultra
1932 3670 2254 3733 voluptatem
2294 3672 2446 3720 istam
2479 3686 2593 3735 per·-

1533 3748 1657 3811 cipi.
1724 3746 1909 3795 Haver.

1597 3829 1695 3875 632
1730 3822 2087 3887 Praecipitavit]
2127 3823 2170 3871 Ι.
2192 3836 2242 3873 e.
2268 3826 2595 3887 praecipitata

1537 3915 1628 3949 seu
1653 3914 1890 3964 praeceps
1914 3898 2035 3947 data
2070 3905 2179 3958 est3
2214 3898 2279 3946 de
2302 3913 2403 3961 quo
2438 3901 2598 3961 passi-

1539 3991 1604 4025 vo
1626 3990 1779 4025 sensu
1805 3974 1947 4023 verbi
1970 3972 2145 4033 activi,
2166 3974 2263 4022 hoc
2290 3974 2503 4037 aliisque
2524 3975 2600 4023 lo-

1538 4052 1615 4100 cis
1656 4050 1917 4109 adductis,
1956 4048 2106 4097 docte
2146 4048 2433 4111 disputavit
2467 4050 2597 4099 Vos..

1539 4128 1645 4177 sius
1665 4126 1829 4175 Pater
1852 4125 1919 4173 de
1942 4123 2099 4173 Anal.
2119 4128 2169 4173 3.
2193 4128 2241 4172 3.
2276 4125 2409 4175 Hav.

1606 4205 1703 4250 634
1738 4202 1841 4249 Nec
1874 4199 2021 4260 refert
2056 4201 2321 4263 quicquam,
2358 4201 2467 4264 ξω]
2502 4199 2599 4253 His

1530 4277 1775 4335 ‘versibus
1812 4276 2061 4339 adjungas
2102 4274 2233 4328 illud
2279 4276 2496 4339 Epicuri
2532 4276 2600 4325 ed
