3200 4959
630 782 1614 907 RECENSUS
1683 780 2825 967 EDITIONUM

1052 1043 1171 1129 T·
1225 1038 1876 1130 LUCRETII
1927 1036 2298 1149 CARI,

1258 1260 1626 1332 AUchoR
1665 1264 2194 1336 FABRICIANO,·

1192 1437 1277 1487 m*
1306 1434 1385 1485 IN
1414 1432 1581 1485 'rm-E
1613 1430 1886 1482 AETATES
1916 1427 2258 1479 DIGESTUS.

1310 1729 1425 1794 [Ex
1476 1728 1584 1776 En.
1635 1724 1904 1775 BIPONT.
1959 1724 2136 1787 mos]

1358 1858 1587 1918 AETAS
1630 1858 1680 1914 Ι.
1723 1854 2092 1919 NATALIS.

1520 1993 1940 2057 1473—1558.

624 2162 903 2238 Enrrlo
932 2174 1225 2254 princeps.
1257 2172 1387 2232 Fol.
1432 2192 1477 2231 s.
1506 2191 1561 2229 a.
1591 2171 1721 2231 etl.
1771 2185 1878 2246 per
1921 2166 2216 2227 Thomam
2260 2168 2612 2241 Ferandum‚
2659 2171 2832 2230 char.

627 2272 801 2330 Rom.
829 2271 1054 2348 absque
1084 2270 1234 2346 sign.
1274 2275 1429 2327 cust.
1469 2274 1530 2324 et
1564 2284 1740 2343 pagg.
1789 2263 2004 2339 Incipit
2049 2265 2125 2322 ab
2163 2262 2290 2341 ipso
2337 2266 2592 2325 auc-toris
2635 2274 2830 2339 textu,

628 2364 749 2424 sine
776 2365 969 2424 titulo.
1053 2366 1119 2421 In
1152 2364 1269 2423 flue
1300 2364 1427 2421 haec
1455 2364 1766 2439 leguntur:
1798 2370 1814 2395 ‘
1835 2376 1988 2419 '1'1'1'1
2034 2374 2366 2421 LucREcn
2399 2377 2565 2420 CARI
2609 2378 2829 2421 runs·

624 2459 898 2520 Lucrecii
926 2458 1181 2519 Unicum
1212 2478 1367 2517 meas
1394 2458 1451 2515 in
1483 2476 1688 2516 manus
1717 2476 1848 2516 cum
1891 2457 2251 2534 pervenisset
2291 2458 2586 2535 exemplar
2631 2458 2708 2518 de
2755 2479 2829 2517 eo

621 2553 1021 2635 imprimendo
1059 2553 1341 2614 hesitavi:
1385 2552 1546 2631 quod
1590 2559 1718 2612 erat
1759 2550 1995 2611 difficile
2035 2552 2212 2611 unico
2253 2552 2330 2612 de
2372 2554 2640 2631 exemplo
2688 2574 2828 2632 quae

620 2650 848 2709 librarii
874 2660 1068 2709 essent
1106 2649 1384 2729 preterita
1412 2646 1764 2725 negligentia
1791 2646 2098 2729 corrigere.
2180 2649 2397 2706 Verum
2439 2648 2541 2707 ubi
2579 2649 2828 2709 alterum

622 2745 1013 2827 perquisitum
1040 2746 1336 2823 exemplar
1360 2744 1698 2805 adinvenire
1724 2763 1842 2803 non
1870 2744 2074 2823 potui:
2106 2744 2235 2802 Hac
2267 2744 2398 2821 ipsa
2437 2754 2634 2805 motus
2673 2746 2828 2806 diffi-

624 2842 847 2902 cultate
876 2842 1051 2902 unico
1099 2842 1271 2901 etiam
1316 2842 1478 2901 dieto
1520 2841 1839 2918 exemplari
1887 2840 2044 2898 volui
2090 2839 2303 2898 librum
2350 2860 2526 2918 quam
2571 2844 2830 2904 maxime

622 2956 817 2998 rarum
859 2955 1233 2996 communem
1277 2937 1472 2995 multis
1510 2935 1705 2995 facere
1747 2934 2066 2995 studiosis:
2113 2934 2397 3011 siquidem
2439 2937 2670 2998 facilius
2718 2941 2831 3000 erit

624 3050 823 3113 pauca
846 3032 981 3090 loca
1007 3031 1097 3090 vel
1130 3031 1402 3090 alicunde
1428 3032 1616 3090 altero
1644 3030 1959 3108 exemplari
2000 3030 2284 3091 extricato
2332 3033 2425 3092 vel
2472 3054 2579 3093 suo
2629 3036 2828 3097 studio

625 3126 913 3205 castigare
954 3136 1015 3186 et
1050 3126 1383 3203 diligentia:
1421 3146 1602 3204 quam
1641 3127 1866 3203 integro
1892 3144 2084 3184 carere
2112 3127 2424 3187 volumine.
2499 3130 2827 3196 Presertim

624 3244 764 3284 cum
795 3244 832 3283 a
854 3222 1068 3284 fabulis
1097 3242 1232 3301 quae
1258 3242 1473 3283 vacuas
1509 3228 1604 3298 (ut
1640 3221 1828 3301 inquit
1873 3225 2072 3299 poeta)
2120 3220 2416 3284 delectant
2460 3237 2685 3288 mentes
2735 3250 2828 3291 re-

624 3330 819 3379 motus
850 3321 1156 3380 Lucretius
1183 3328 1381 3380 noster
1407 3320 1482 3380 de
1509 3339 1702 3380 rerum
1731 3326 1938 3377 natura
1982 3319 2310 3402 questiones
2349 3332 2561 3384 tractat
2603 3328 2829 3389 acutis-

624 3416 804 3474 simas
832 3424 998 3475 tanto
1032 3416 1252 3493 ingenii
1284 3414 1550 3475 acumine
1594 3422 1875 3490 tantoque
1914 3394 2117 3491 lepor‘e
2159 3416 2469 3477 verborum
2513 3428 2580 3479 ut
2620 3440 2830 3484 omnes

626 3510 732 3587 qui
782 3510 951 3569 illum
1006 3513 1194 3571 secuti
1247 3518 1385 3570 sunt
1424 3513 1647 3589 poetez
1718 3528 1851 3570 eum
1903 3510 1988 3568 ita
2043 3510 2160 3571 suis
2211 3511 2271 3572 in
2326 3509 2830 3594 descriptionibus

624 3604 964 3665 imitentur:
998 3614 1058 3665 et
1101 3606 1372 3683 Virgilius
1400 3606 1700 3683 presertim
1727 3610 2032 3685 poetarum
2072 3608 2350 3687 princeps
2393 3619 2456 3669 ut
2493 3610 2639 3691 ipsis
2686 3635 2824 3675 cum

624 3698 823 3757 verbis
849 3699 960 3758 tria
988 3700 1280 3761 interdum
1306 3708 1365 3759 et
1392 3700 1642 3779 amplius
1678 3711 1861 3763 metra
1902 3704 2203 3783 suscipiat.
2286 3706 2522 3767 Thoma
2554 3710 2826 3771 Ferando

624 3792 911 3854 auctore.’

706 3890 1159 3951 -Rarissimam
1212 3894 1362 3953 hanc
1414 3894 1753 3969 editionem,
1809 3907 1869 3958 et
1933 3918 1968 3957 a
2020 3900 2184 3959 nullo
2251 3901 2451 3960 adhuc
2530 3903 2825 3963 editorum

626 3986 917 4058 collatam,
947 3986 1171 4065 primus
1194 3989 1251 4047 in
1274 3992 1535 4051 notitiam
1557 3992 1808 4059 adduxit
1827 3995 1976 4054 Boni
1996 3997 2227 4055 Lettere
2244 4012 2325 4055 11.
2348 4016 2485 4076 pag.
2513 4014 2824 4060 Lxxvnl.

627 4099 717 4157 sq.
762 4082 935 4141 Conf.
983 4083 1203 4143 Pauzer
1239 4084 1411 4145 Tom.
1464 4104 1559 4147 lv,
1596 4106 1738 4167 pag.
1781 4090 1923 4151 263.
2019 4090 2232 4151 Brixiae
2279 4092 2497 4153 factam
2525 4093 2716 4167 fuisse,
2747 4116 2825 4155 ex

626 4174 911 4255 Epistolis
978 4178 1297 4240 Phalaridis
1356 4182 1596 4261 aliisque
1661 4183 1822 4245 libris
1889 4186 2153 4262 ejusdem
2219 4188 2614 4265 impressionis
2677 4192 2824 4251 satis
