3200 4959
592 418 767 488 1738
1096 456 1101 469 ·
1246 430 1648 487 asenneus.
1685 432 2120 487 animosum

684 592 837 655 1113
879 585 955 645 Τ.
1000 583 1257 645 Lucretii
1298 584 1435 645 Cari
1476 584 1555 645 de
1596 604 1791 645 rerum
1833 585 2043 644 natura
2069 584 2202 643 libri
2253 602 2378 656 sex,
2421 602 2566 645 curo.
2595 583 2796 645 Mich.

596 681 911 742 Maittaire.
942 680 1219 751 Londini,
1248 698 1324 741 ex
1350 680 1509 740 offic.
1550 683 1685 741 Jac.
1715 680 1964 739 Tonson
1985 689 2046 743 et
2077 679 2172 740 so.
2205 682 2418 740 Watts.
2463 683 2795 743 12.—-Imi·

592 786 757 837 tatur
780 776 1101 839 editionem
1130 776 1603 836 antecedentem.
2805 820 2812 825 .

672 873 973 933 -Eadem
1020 872 1229 942 editio,
1274 872 1429 933 inter
1472 871 1662 931 Mich.
1733 871 2032 931 Maittaire
2081 872 2284 949 Opera
2335 880 2397 929 et
2436 871 2792 948 Fragmenta

592 968 903 1029 Poetarum
930 969 1287 1028 Latinorum.
1320 967 1589 1027 Londini.
1629 974 1800 1036 1713.
1833 968 1956 1027 Fol.
1987 966 2118 1027 Vol.
2151 983 2196 1027 1.
2227 984 2367 1044 pag.
2399 973 2541 1036 293.
2571 986 2708 1045 sqq.

678 1070 832 1135 1717
871 1064 950 1124 Τ.
982 1063 1235 1123 Lucretii
1262 1062 1399 1123 Cari
1418 1062 1510 1121 ‘de
1538 1080 1731 1121 rerum
1762 1070 1968 1121 natura
2011 1062 2141 1121 libri
2169 1080 2292 1132 sex,
2323 1080 2461 1121 cum
2499 1062 2788 1139 interpre-

591 1157 809 1219 tatione
854 1168 915 1219 et
952 1160 1107 1219 notis
1122 1158 1343 1219 Thom.
1380 1157 1668 1217 Creechii.
1727 1156 1926 1216 Editio
1949 1157 2152 1230 altera,
2177 1156 2358 1237 priori
2377 1156 2568 1215 multo
2591 1175 2790 1215 emen-

592 1254 806 1315 datior.
849 1254 1122 1326 Londini,
1167 1276 1201 1313 e
1242 1254 1655 1333 typographeo
1681 1253 1890 1313 Μαι-ἰῶ
1921 1254 2271 1313 Mattbews..
2305 1252 2657 1329 sumptibus
2707 1254 2786 1312 T.

589 1350 789 1420 Child,
818 1355 935 1413 διο.
968 1349 1404 1428 8.—Repetitio
1430 1347 1702 1409 editionis
1731 1350 2111 1409 Creechianae
2140 1347 2368 1428 prioris,
2413 1347 2517 1406 sed
2545 1348 2791 1407 mendo-

592 1464 839 1509 sissime.
1452 1488 1459 1495 ·

676 1548 827 1610 1721
872 1543 952 1602 Τ.
980 1542 1237 1603 Lucretii
1286 1541 1424 1603 Cari
1468 1541 1545 1600 de
1585 1558 1776 1599 rerum
1819 1551 2023 1601 natura
2063 1540 2200 1601 libri
2241 1561 2365 1602 sex.
2403 1540 2652 1610 Patavii,
2683 1559 2790 1597 exa

586 1637 854 1699 cudebat
876 1640 1170 1716 Josephus
1198 1640 1498 1698 Cominus.
1546 1638 1932 1698 8.—Curavit
1975 1638 2127 1696 hanc
2167 1635 2260 1696 ed.
2305 1638 2401 1696 Jo.
2445 1635 2594 1696 Ant.
2637 1636 2790 1693 Vul«

587 1733 743 1811 pius,
790 1741 1017 1794 textum
1072 1735 1498 1794 Creecbianum
1550 1743 1816 1805 secutus,
1867 1733 2083 1793 additis
2129 1742 2332 1793 tamen
2366 1732 2536 1792 variis
2581 1731 2790 1790 lectio-

588 1828 781 1890 nibus.
1915 1826 1919 1831 ’

675 1932 827 1994 1725
867 1926 946 1986 Τ.
976 1925 1237 1988 Lucretii
1282 1926 1421 1986 Cari
1451 1925 1528 1986 de
1554 1946 1748 1987 rerum
1777 1936 1982 1987 natura
2011 1925 2146 1985 libri
2175 1945 2296 1997 sex,
2340 1944 2476 1983 cum
2507 1924 2660 1984 notis
2692 1924 2784 1982 in-

587 2022 761 2099 tegris
789 2022 1055 2103 Dionysii
1079 2024 1364 2093 Lambini,
1394 2024 1604 2083 Oberti
1623 2023 1934 2101 Giphanii,
1954 2021 2296 2100 Tanaquilli
2313 2021 2504 2092 Fabri,
2524 2021 2782 2079 Thomae

584 2116 833 2189 Creech,
862 2126 931 2176 et·
952 2118 1187 2179 selectis
1212 2120 1308 2178 Jo.
1358 2118 1642 2197 Baptistae
1673 2118 1760 2177 Pii
1785 2118 2175 2195 aliorumque,
2204 2126 2442 2175 curante
2471 2116 2781 2194 Sigeberto

586 2214 1019 2292 Ham-campo,
1063 2214 1167 2293 qui
1194 2223 1257 2274 et
1284 2234 1421 2274 suas
1448 2225 1511 2275 et
1540 2215 1861 2274 Abrahami
1893 2214 2147 2291 Preigeri
2173 2213 2578 2285 annotationes
2609 2213 2680 2269 ad
2679 2212 2782 2290 je-

585 2306 688 2367 cit.
772 2308 1087 2368 Accedunt
1127 2309 1527 2387 interpretatio
1566 2309 1818 2369 Thomae
1856 2310 2106 2381 Creech,
2151 2309 2330 2368 variae
2380 2310 2660 2369 lectiones
2701 2332 2776 2369 ex

585 2402 804 2463 notulis
833 2403 910 2477 Is.
941 2404 1154 2474 Vossii‚
1198 2413 1373 2481 atque
1401 2424 1474 2463 ex
1518 2406 1654 2483 plus
1685 2425 1860 2484 quam
1889 2405 2096 2483 viginti
2123 2406 2388 2483 quinque
2416 2405 2614 2465 codd.
2645 2414 2771 2467 tam

584 2498 898 2576 impressis,
930 2517 1105 2574 quam
1137 2500 1289 2557 Mss.
1316 2507 1383 2556 ut
1408 2508 1469 2557 et
1497 2499 1828 2576 complures
1863 2499 2020 2579 iique
2058 2500 2503 2577 locupletissimi
2527 2500 2772 2562 indices.

581 2597 733 2655 Cum
786 2592 985 2671 figuris
1040 2593 1533 2653 artificiosissimis
1574 2604 1752 2673 atque
1803 2595 2245 2656 venustissimis.
2328 2595 2602 2675 Lugduni
2637 2598 2773 2657 Bat.

581 2688 743 2769 apud
772 2690 1117 2749 Janssonios
1144 2708 1255 2749 vau
1284 2689 1391 2749 der
1415 2689 1533 2750 Aa.
1564 2700 1626 2750 4.
1653 2700 1692 2751 2
1723 2691 2017 2750 voll.--ln
2061 2692 2312 2751 maxima
2339 2701 2506 2769 parte
2535 2694 2773 2753 merito-

580 2804 713 2849 rum
740 2786 1134 2865 Havercampi
1164 2787 1525 2864 ponendum,
1573 2786 1735 2864 quod
1765 2788 2058 2849 Codicum
2102 2788 2586 2867 Lugdunensium
2638 2790 2771 2849 dili-

579 2883 897 2960 gentiorem
928 2883 1298 2942 collationem
1325 2883 1862 2960 repraesentaverit,·
1888 2893 1949 2943 et
1999 2884 2171 2943 amici
2203 2884 2290 2943 sui
2325 2885 2580 2962 Preigeri
2622 2904 2774 2945 non-

580 2978 774 3039 nullas
813 2978 1366 3051 animadversiones,
1395 2979 1655 3039 eruditas
1683 2979 1810 3038 illas
1853 2988 1913 3038 et
1953 2988 2172 3052 acuum,
2215 2982 2564 3057 protraxerit
2591 2982 2652 3041 in
2679 2984 2774 3041 lu-

578 3096 705 3139 cem
730 3098 746 3137 ε
790 3094 924 3136 uam
971 3074 1347 3135 doctissimus
1378 3074 1574 3135 editor
1602 3074 1682 3134 de
1704 3094 1866 3154 penu
1890 3074 2130 3153 proprio
2157 3075 2532 3153 paucissima,
2559 3098 2670 3137 nec
2697 3098 2775 3138 ea

580 3174 816 3253 quidem
849 3172 1045 3250 magni
1075 3171 1267 3249 pretii,
1298 3172 1640 3250 depromsit.

663 3277 811 3339 1731
858 3268 923 3327 In
953 3269 1216 3347 Corpore
1246 3270 1553 3328 Poctarum
1586 3269 1920 3329 Latinorum
1950 3269 2390 3331 Mediolanensi.
2421 3278 2484 3329 4.

664 3374 821 3433 1734
860 3363 1119 3424 Parisiis.
1154 3374 1227 3426 12
1258 3363 1399 3442 maj.
1430 3386 1480 3425 c.
1505 3364 1650 3445 figg.

670 3467 814 3525 1743
858 3459 1129 3519 Londini.
1162 3470 1219 3521 8.
1251 3469 1287 3521 2
1316 3462 1456 3521 voll.
1486 3480 1623 3521 cum
1652 3462 1914 3523 versione
1945 3463 2212 3541 Anglica.

660 3562 815 3623 1744
855 3555 932 3612 T.
985 3555 1243 3615 Lucretii
1290 3556 1427 3615 Cari
1471 3556 1546 3616 de
1584 3578 1774 3617 rerum
1814 3568 2024 3619 natura
2063 3559 2196 3618 libri
2243 3577 2364 3618 sex.
2446 3557 2766 3620 Accedunt

575 3648 809 3707 selectae
848 3649 1129 3708 lectiones
1172 3649 1555 3710 dilucidando
1596 3654 1854 3731 poemati
1881 3654 2191 3733 appositae,
2219 3674 2330 3713 nec
2359 3672 2475 3712 non
2507 3655 2759 3713 Glossa-

572 3742 723 3802 rium
749 3744 1163 3803 Lucretiauum
1190 3748 1454 3821 (curante
1482 3750 1690 3827 Steph.
1720 3751 1904 3811 Andr.
1934 3752 2250 3830 Philippe.)
2316 3750 2570 3810 Lutetiae
2596 3751 2759 3810 Pari-

575 3838 815 3910 siorum,
846 3839 1179 3915 sumptibus
1208 3842 1349 3900 Ant.
1382 3843 1729 3905 Constelier.
1763 3855 1858 3907 12.
1887 3866 1942 3905 c.
1973 3846 2398 3925 figg.--Editio
2426 3846 2635 3906 nitida.

658 3944 818 4007 1749
853 3935 931 3993 T.
975 3936 1231 3995 Lucretii
1272 3939 1408 3997 Cari
1444 3940 1519 3999 de
1562 3961 1754 4002 rerum
1803 3952 2014 4003 natura
2053 3942 2182 4003 libri
2233 3962 2357 4013 sex,
2400 3962 2473 4001 ex
2501 3942 2764 4003 editione

572 4028 819 4090 Thomae
874 4032 1118 4091 Creeeh.
1176 4033 1451 4111 Glasguae
1476 4055 1494 4095 ε-
1565 4038 1628 4095 in
1681 4039 1912 4101 aedibns
1963 4038 2317 4100 academicis
2373 4038 2756 4099 excudebant

571 4124 869 4195 Bobertus
895 4139 953 4187 et
979 4127 1241 4187 Andreas
1268 4130 1482 4202 Foulis,
1505 4132 1850 4196 Academiae
1871 4136 2226 4216 typographi
2259 4136 2769 4208 12.—Commen-

569 4220 748 4281 datur
774 4240 808 4281 a
836 4221 1044 4298 nitore,
1075 4234 1221 4285 utet
1246 4225 1423 4293 editio
1451 4218 1724 4309 sequens.
