3200 4959
617 397 792 468 1578

621 553 680 604 iu
720 557 968 607 Plautum
1003 561 1060 606 et
1089 555 1394 606 Lucretium
1425 556 1673 622 scripsit:

625 632 701 683 ait
725 633 860 683 enim
882 633 934 682 in
971 632 1204 682 Uis-cod.
1229 632 1526 694 legi,viere.·
1557 629 1674 698 qum

621 721 868 771 germana
905 707 1136 758 Lucretii
1173 709 1332 758 lectio
1371 715 1492 769 est3
1538 709 1677 758 unde

627 783 762 832 enim
795 782 852 834 id
889 783 1104 833 verbum
1147 782 1424 833 advectum
1457 781 1677 833 fuisset?

627 858 808 908 ‘Vieo'
849 865 1022 907 airtem
1061 864 1144 908 est
1177 857 1356 918 flecto,
1389 858 1528 908 unde
1568 859 1584 886 ⁴
1606 857 1673 907 vi-

623 931 783 994 men,'
823 934 1046 986 ‘vietor'
1081 941 1139 984 et
1190 935 1397 984 ‘vietus
1413 934 1451 996 ς’
1497 935 1677 998 itaque

629 1011 646 1038 ‘
671 1011 812 1060 viere
845 1009 1052 1075 equum'
1097 1018 1180 1060 est
1217 1009 1431 1060 flectere
1469 1023 1678 1075 equum.

626 1087 816 1151 virgil.
871 1087 1146 1138 ‘Flectere
1179 1087 1332 1136 ludus
1382 1087 1592 1152 equos‚’
1626 1094 1683 1137 et

627 1163 752 1214 alibi
775 1163 978 1227 passim.
1043 1163 1150 1212 Sed
1181 1177 1298 1212 cum
1329 1161 1388 1211 rb
1408 1165 1579 1212 dextro
1599 1163 1673 1211 ln-

629 1253 745 1290 cum
785 1241 1011 1290 retinere
1057 1254 1203 1290 suum
1243 1253 1347 1289 nou
1387 1239 1572 1303 possit,
1607 1239 1683 1290 uti

629 1317 1036 1366 demonstratum
1069 1322 1152 1366 est
1187 1314 1445 1379 superius,
1480 1323 1536 1364 et
1558 1316 1681 1365 usus

633 1392 790 1455 virge
812 1391 864 1440 in
887 1391 1209 1442 moderando
1227 1405 1362 1455 equo
1383 1391 1538 1454 longe
1553 1391 1685 1440 anti-

631 1468 780 1534 quior
801 1481 918 1517 esse
955 1466 1216 1527 debuerit,
1247 1481 1402 1530 quam
1437 1481 1558 1516 usus
1581 1465 1685 1514 fre-

634 1554 836 1604 norum,
855 1540 1132 1605 legendnm
1153 1555 1270 1591 esse
1291 1542 1513 1604 videtur,
1531 1543 1687 1597 Quam

629 1619 918 1668 modmrier
949 1619 1069 1666 huno
1093 1615 1274 1679 frenis,
1315 1618 1510 1680 virgave
1539 1617 1685 1667 viere.

632 1693 772 1746 Quin
795 1702 850 1743 et
871 1693 1049 1744 adulto
1078 1694 1188 1757 jam
1211 1693 1356 1755 orbe,
1377 1700 1433 1742 et
1465 1693 1688 1744 excultis

633 1769 856 1830 artibus,
881 1768 1007 1821 satis
1029 1775 1234 1818 constat
1259 1769 1510 1817 Numidas
1532 1767 1689 1818 infre-

633 1844 716 1894 nis
735 1844 884 1910 equis
907 1859 1028 1894 usos
1045 1843 1228 1894 fuisse.
1246 1843 1393 1906 virg.
1415 1843 1528 1892 AEn.
1542 1848 1591 1893 4.
1606 1848 1689 1894 41.

637 1924 654 1954 ‘
674 1923 749 1972 Et
792 1922 1034 1972 Numidae
1071 1921 1262 1971 infreni
1283 1919 1538 1985 cingunt!
1606 1921 1690 1970 Sic

635 1998 772 2048 enim
815 1997 1038 2062 intelligi
1081 1997 1242 2048 debet
1275 1997 1364 2047 ille
1406 1997 1587 2057 locns;
1624 1996 1689 2046 de

635 2091 738 2141 quo
760 2075 804 2125 si
843 2077 933 2140 qui
971 2075 1299 2137 dubitabunt,
1323 2074 1504 2138 legant
1535 2073 1691 2122 modo

638 2151 847 2201 Arriani
890 2151 1251 2216 politissimum
1295 2150 1364 2200 de
1406 2151 1597 2200 Venat.
1634 2150 1694 2198 li·

638 2227 848 2290 bellum,
868 2241 1040 2291 quem,
1071 2241 1156 2275 me
1198 2231 1428 2288 curante,
1463 2231 1520 2274 et
1553 2225 1695 2281 Luca

639 2301 918 2352 Holstenio
950 2302 1216 2362 mittente,
1249 2316 1350 2350 non
1393 2303 1472 2350 ita
1494 2300 1693 2365 pridem

637 2378 808 2429 edidit
840 2378 1174 2429 Sebastianus
1206 2378 1501 2428 Cramosius
1545 2385 1694 2442 typo·

643 2455 960 2518 grapborum
1013 2461 1307 2503 nostrorum
1361 2453 1692 2503 clarissimus.

639 2530 960 2594 Quamquam
1019 2528 1074 2578 id
1133 2543 1202 2578 ex
1241 2529 1498 2579 Strabone
1535 2529 1693 2579 etiam

643 2612 875 2668 constat,
891 2612 950 2656 et
973 2612 1152 2655 notum
1164 2605 1288 2654 illud
1308 2605 1568 2654 Martialis
1591 2612 1694 2668 est,

644 2681 662 2710 ⁴
687 2682 758 2730 Et
786 2681 1122 2744 Massylaeum
1165 2683 1310 2745 virga
1353 2680 1607 2746 gubernet
1642 2696 1695 2732 e·

647 2759 842 2825 quum.’
876 2760 962 2810 eui
983 2767 1042 2810 et
1071 2760 1230 2810 addas
1252 2761 1378 2810 licet
1410 2761 1537 2810 illud
1559 2761 1694 2823 Silii,

643 2840 666 2878 -‘
692 2838 763 2888 Et
805 2837 994 2888 doctus
1022 2836 1184 2901 virgoe
1208 2836 1449 2900 sonipes!
1483 2835 1590 2886 Sed
1612 2851 1697 2886 me

645 2919 885 2962 notarum
907 2925 1118 2961 acervos
1139 2910 1370 2960 scribere
1391 2911 1568 2962 nolim.
1603 2910 1701 2960 Fa.

646 2989 741 3038 ber.
774 2988 974 3038 Dextra
995 3002 1251 3052 pugnare,
1273 2986 1570 3037 Lambinus.
1604 2988 1697 3037 Gi·

644 3067 812 3119 fanins
840 3067 1048 3130 Vegere:
1095 3067 1130 3117 i.
1155 3069 1200 3116 e'.
1237 3067 1479 3130 incitare,
1518 3067 1699 3132 impel-

642 3145 788 3206 lere;
841 3144 989 3208 quasi
1033 3144 1236 3194 'dextra
1274 3157 1434 3208 equos
1477 3140 1697 3208 Equites

646 3221 919 3285 impellant
937 3221 950 3269 1
985 3220 1158 3271 Faber
1175 3219 1398 3284 denique
1409 3219 1607 3283 virgave
1626 3221 1699 3269 vi·

645 3310 753 3346 ere.-
788 3296 956 3346 ‘vieo’
1002 3304 1173 3346 autem
1213 3301 1298 3347 est
1325 3290 1516 3358 flecto,
1559 3297 1699 3346 unde

643 3376 659 3402 ⁶
680 3371 889 3434 vimen‚’
923 3373 941 3402 ‘
958 3372 1162 3433 vietor,'
1187 3379 1242 3422 et
1274 3373 1291 3401 ‘
1318 3373 1485 3423 vietus
1503 3371 1540 3434 ς’
1559 3373 1700 3423 unde

645 3448 662 3478 ‘
683 3446 826 3497 viere
856 3452 1060 3512 equum’
1102 3454 1183 3498 est
1218 3446 1432 3499 flectere
1475 3463 1695 3513 equum:

643 3537 765 3573 usna
782 3530 957 3573 autem
979 3525 1136 3588 virgae
1156 3525 1209 3572 in
1233 3524 1546 3574 moderando
1563 3539 1700 3588 equo

644 3599 802 3661 longe
823 3598 1083 3662 antiquior
1095 3598 1256 3648 debet
1275 3611 1392 3648 esse
1405 3613 1556 3662 quam
1575 3613 1701 3649 usus

644 3672 944 3724 frenorum.
1023 3673 1180 3725 Quod
1233 3673 1276 3722 si
1325 3679 1580 3735 armatum,
1620 3673 1703 3740 (et

646 3746 825 3814 quidni
845 3745 1146 3810 urmutumss)
1176 3747 1229 3796 in
1263 3748 1422 3811 priori
1457 3761 1605 3797 versu
1626 3749 1699 3799 le·

647 3829 821 3888 gatur,
843 3829 955 3873 tota
969 3824 1072 3872 ista
1096 3823 1252 3873 Fabri
1267 3823 1560 3874 emendatio
1582 3839 1702 3874 con-

645 3899 819 3961 cidet3
854 3912 972 3948 nam
1027 3899 1228 3964 equites
1283 3905 1506 3950 armatos
1539 3915 1701 3965 equos

649 3989 768 4023 suos
804 3975 947 4036 virga
981 3975 1162 4024 vientes
1203 3975 1372 4023 securi
1427 3975 1703 4028 rideamus.

653 4049 870 4099 erma.-

714 4127 844 4172 1298
878 4123 1056 4188 Biiugo
1100 4125 1280 4188 Cum]
1315 4125 1482 4176 Curru
1522 4142 1555 4177 a
1576 4127 1701 4178 duo·

653 4198 752 4248 bus
784 4200 933 4265 equis
960 4204 1162 4252 tracfoz
1218 4201 1370 4266 bigis,
1411 4204 1557 4268 cujus
1599 4220 1705 4254 mo-

652 4275 725 4326 ris
748 4277 989 4342 exempla
1010 4283 1219 4329 exstant
1241 4279 1379 4343 apud
1417 4280 1702 4332 Homerum

1303 411 1519 464 1101·AE
1565 411 1969 464 vAltloltmu
2014 412 2093 464 m

1752 556 2163 609 innumerabilia.
2196 555 2363 605 Lumb.

1815 638 1943 683 1299
1966 635 2035 682 Et
2046 629 2229 695 Bijugo
2241 633 2374 696 prius
2388 631 2597 696 unqe]
2617 631 2663 682 1.
2685 645 2735 683 e.
2754 636 2813 682 et

1751 710 1894 774 prius
1914 717 1999 759 est
2018 708 2283 757 inventum
2302 715 2461 756 curru
2482 705 2665 770 bijugo
2681 705 2811 756 belli

1742 783 1982 848 'pericula
2004 789 2230 844 tentare,
2256 797 2405 847 quam
2424 782 2689 846 quadrigis
2713 783 2812 834 uti.

1751 863 1934 918 Lumb.
1970 863 2130 911 Error
2150 859 2618 910 manifestissimus·
2638 862 2693 908 in
2728 857 2819 908 sni

1754 937 1943 1002 periuri
1964 951 2115 986 versu
2135 937 2437 1000 legebatur:
2472 937 2631 992 Quom
2648 935 2813 998 bijugo

1752 1029 1895 1063 curru
1933 1013 2040 1062 belli
2084 1017 2272 1062 tentare
2300 1011 2475 1074 pericla
2495 1025 2531 1068 ,··
2550 1010 2689 1060 unde
2726 1011 2809 1060 in-

1756 1091 1987 1151 cogitans
2007 1088 2320 1152 exscriptor,
2342 1089 2431 1152 qni
2449 1087 2545 1136 iila
2566 1086 2811 1151 respexe-

1758 1175 1860 1227 rat,
1882 1163 2087 1214 effinxit
2108 1163 2369 1213 nobishoc
2393 1169 2696 1227 portentum
2712 1163 2813 1212 La·

1757 1242 2004 1302 tinitatis3
2038 1255 2143 1306 qno
2181 1240 2318 1290 enim
2358 1239 2461 1290 alio
2480 1241 2687 1290 nomine
2708 1241 2810 1290 hoe

1757 1319 2017 1368 vocarim!
2081 1319 2098 1346 ‘
2140 1316 2419 1382 Antiquius
2462 1323 2547 1365 est
2596 1316 2812 1380 conjun-

1760 1407 1885 1458 gere
1908 1394 1989 1444 bis
2021 1393 2169 1444 binos
2208 1407 2369 1457 equos
2410 1406 2565 1457 quam
2597 1391 2818 1456 bijugo:

1760 1472 1904 1534 Lege
1948 1470 2149 1534 itaque,
2190 1467 2284 1518 sed
2318 1468 2701 1530 incunctanter,
2746 1469 2815 1517 Et

1760 1547 1945 1608 biiugos
1983 1546 2120 1609 prius
2154 1549 2228 1594 est
2262 1559 2404 1610 quum
2432 1543 2507 1593 bis
2530 1542 2821 1606 'coniungere

1762 1622 1909 1672 binos.
1939 1622 1987 1671 Ι.
2008 1635 2060 1671 e.
2093 1620 2333 1670 Inventae
2366 1623 2491 1668 sunt
2520 1618 2659 1682 bigae
2694 1625 2821 1668 ante

1760 1696 2055 1762 quadrigas.
2120 1695 2224 1745 Sed
2248 1709 2331 1744 res
2354 1696 2509 1759 plana
2530 1700 2629 1756 est,
2650 1708 2823 1758 neque

1763 1771 2158 1823 adversaturum
2210 1784 2517 1835 quemquam
2582 1771 2823 1820 arbitror.

1766 1847 1939 1897 Faber.
2026 1847 2240 1909 Bijugos
2277 1845 2474 1895 Faberz
2524 1851 2583 1894 et
2600 1843 2822 1894 felicior

1762 1923 1877 1973 liaec
1900 1923 2107 1987 quidem
2131 1923 2465 1986 conjectura:
2500 1921 2537 1970 i.
2553 1935 2621 1972 e.·
2640 1921 2821 1970 inven-

1767 2006 1837 2048 tae
1851 2005 1971 2047 sunt
1994 1998 2129 2061 bigae
2154 2004 2278 2048 ante
2298 1997 2589 2061 quadrigas.
2624 1999 2821 2048 Gree'ck.

1830 2079 1929 2124 300
1960 2073 2245 2136 Fulciferos]
2290 2075 2377 2123 De
2400 2071 2689 2122 ‘falciferis'
2704 2087 2825 2122 cur-

1764 2149 1919 2199 ribus’
1963 2150 2081 2213 lege
2121 2164 2234 2213 sup.
2278 2148 2345 2198 ad
2384 2149 2531 2198 illum
2564 2148 2737 2198 locum
2775 2153 2828 2198 3.

1764 2231 1879 2276 642.
1900 2227 1916 2254 ⁴
1933 2223 2223 2276 Falciferos
2238 2230 2521 2277 memorant
2538 2237 2719 2274 currus
2736 2225 2828 2274 ab·

1766 2301 2006 2352 scindere
2026 2300 2292 2364 membra:
2312 2303 2413 2350 &tn
2445 2299 2614 2350 Lm.
2815 2320 2823 2332 ·

1824 2382 1959 2428 ’1301
1995 2379 2115 2428 Inde
2130 2377 2265 2426 boces’
2282 2376 2461 2440 Lm]
2491 2376 2537 2426 Ι.
2562 2389 2610 2426 e.
2628 2374 2826 2426 elefan-

1766 2459 1866 2504 tos.
1930 2454 2099 2503 Varro
2117 2453 2207 2503 lib'.
2226 2457 2277 2502 6.
2294 2452 2360 2501 de
2379 2453 2517 2502 1⁴21„
2532 2452 2828 2517 opinionem

1766 2531 1963 2582 refellit
1986 2539 2041 2582 et
2068 2545 2247 2582 eorum
2264 2532 2369 2595 qui
2400 2536 2593 2593 putant
2635 2531 2652 2558 ‘
2671 2529 2829 2583 bores

1766 2607 1972 2670 Lucos:
2009 2609 2121 2658 sive
2148 2608 2167 2636 ‘
2186 2607 2345 2657 boves
2370 2605 2562 2656 Lucas’
2598 2621 2633 2655 a
2663 2607 2828 2656 Lues-

1768 2685 1847 2734 nis
1870 2683 2063 2746 dictas,
2096 2684 2161 2734 ab
2184 2697 2264 2742 eo,
2285 2681 2423 2748 quod
2450 2680 2695 2740 Romani,
2712 2695 2829 2732 cum

1768 2761 2043 2810 maximam
2088 2757 2500 2825 quadrupedem,
2530 2771 2690 2821 quam
2732 2757 2830 2820 ipsi

1769 2836 2044 2896 baberent,
2064 2841 2321 2885 vocarent
2340 2833 2545 2895 bovem,
2575 2832 2637 2882 in
2669 2833 2832 2882 Inca-

1770 2911 1855 2962 nia
1896 2912 2087 2976 Pyrrhi
2131 2911 2269 2961 bello
2316 2909 2539 2974 primum
2580 2907 2831 2957 elefantos

1771 2988 1907 3052 apud
1926 2988 2127 3038 besteis
2146 2987 2428 3036 vidissent:
2464 2991 2521 3034 et
2540 2983 2832 3047 eorum-qui

1770 3079 1803 3114 a
1829 3063 2037 3128 Libycis
2052 3063 2223 3113 dict-as
2244 3063 2441 3112 volunt.
2460 3059 2528 3110 ad
2542 3065 2833 3110 extremum

1772 3146 1943 3191 autem
1969 3141 2061 3203 ait,
2080 3154 2139 3190 se
2154 3139 2417 3200 arbitrari,
2433 3139 2450 3166 ‘
2466 3137 2629 3188 boves
2644 3133 2832 3186 Lucas’

1772 3217 1839 3266 ab
1862 3217 1977 3268 luce
2010 3217 2189 3282 potius
2210 3215 2379 3264 dictas
2400 3227 2534 3275 esse,
2558 3211 2701 3277 qnod
2726 3213 2835 3261 lon·

1772 3295 1847 3359 ge'
1870 3293 2191 3356 relucebant,
2223 3297 2439 3355 propter
2472 3290 2737 3339 inauratos
2758 3301 2835 3336 re·

1773 3369 1884 3434 gios
1926 3370 2160 3434 clypeos,
2204 3367 2390 3432 quibus
2441 3369 2623 3415 eorum
2659 3370 2835 3414 turres

1774 3451 1923 3496 erant
1954 3452 2169 3496 ornatae.
2214 3444 2417 3494 Plinius
2438 3449 2615 3492 tamen
2648 3441 2742 3491 lib.
2780 3443 2832 3489 δ’.

1774 3522 2031 3585 prioribus
2052 3522 2152 3570 illis
2176 3519 2483 3580 assentiens,
2520 3516 2598 3567 sic
2620 3517 2837 3568 scribit:

1774 3595 2075 3647 ‘Elefantos
2106 3595 2267 3645 Italia
2294 3595 2515 3659 primum
2548 3593 2683 3644 vidit
2704 3593 2839 3656 Pyr-

1774 3671 1853 3721 rhi
1877 3673 2015 3737 regis
2050 3671 2221 3722 bello:
2266 3678 2325 3722 et
2362 3673 2520 3721 boves
2550 3671 2719 3720 Lucas
2750 3685 2845 3736 ap-

1774 3748 2008 3811 pellavit,
2042 3747 2095 3796 in
2135 3746 2355 3796 Lucanis
2400 3746 2539 3795 visos
2580 3759 2717 3794 anno
2750 3759 2840 3794 nr-

1774 3825 1856 3875 bis
1888 3823 2018 3874 4⁷23
2052 3822 2281 3873 Ennius:
2332 3820 2541 3886 ‘Atque
2582 3821 2729 3884 prius
2750 3835 2845 3886 pa-

1776 3901 1880 3950 riet
1919 3900 2123 3949 locusta
2168 3899 2363 3948 Lucam
2402 3897 2629 3948 bovem.’
2674 3897 2843 3948 Auso-

1775 3979 1892 4027 nius
1932 3977 2105 4040 Epist.
2135 3975 2199 4024 ad
2229 3973 2565 4024 Tetradium:
2589 3975 2607 4002 ‘
2626 3974 2737 4022 Cur
2756 3989 2844 4024 me

1776 4053 2125 4118 propinquum
2182 4051 2529 4100 Santonorum
2582 4049 2841 4100 moenibns

1752 4129 2048 4190 'Declinas,
2079 4132 2140 4177 ut
2170 4127 2339 4176 Lucas
2373 4125 2531 4175 boves
2564 4125 2725 4187 Olim,
2756 4139 2841 4174 re·

1778 4211 1947 4254 sumto
1974 4200 2307 4267 praeferoceis
2340 4201 2541 4265 proelio,
2560 4201 2731 4264 ,Fugit
2756 4200 2843 4264 ju·

1778 4287 1965 4331 ventus
1980 4279 2195 4332 Romula
2210 4277 2247 4328 ?’
2265 4276 2431 4329 Lamb.
2467 4274 2543 4328 Ut
2561 4278 2576 4306 ‘
2594 4275 2842 4341 campus-⁹
