3200 4959
606 427 783 494 15⁷4

608 591 720 638 tura
755 584 1000 635 Iuventio
1040 583 1104 634 ad
1148 583 1404 649 sylvarum
1447 580 1671 632 exustio-

607 677 747 724 nem,
795 660 1088 726 factamque
1125 659 1312 710 exinde
1345 659 1669 710 metallorum

606 739 1024 803 colliquatiouem
1042 736 1262 786 refertur
1277 751 1378 786 vss.
1396 739 1480 784 18.
1518 736 1671 785 Com·

607 815 775 864 bustis
805 814 942 864 enim
975 813 1258 879 (quomodo
1295 819 1534 863 exortum
1569 811 1671 862 fuit

607 889 748 939 istud
783 890 1078 939 incendium
1103 889 1230 938 nibil
1253 887 1468 953 attinet)
1491 889 1669 954 sylvis,

608 963 892 1030 liquefacta
931 980 1049 1029 qnae
1087 967 1139 1014 in
1185 972 1339 1014 terras
1377 966 1521 1015 venis
1567 964 1671 1014 dis·

611 1055 761 1104 persa
774 1041 1024 1104 jacebant
1045 1041 1256 1090 metalla
1275 1041 1326 1089 ia
1350 1055 1506 1090 unam
1535 1055 1671 1090 mas-

609 1130 718 1165 sam
741 1114 1102 1178 confluebant3
1137 1131 1291 1181 qnam
1329 1130 1444 1166 cum
1473 1117 1671 1166 laevem

612 1192 1042 1258 splendidumque
1065 1193 1293 1242 homines
1311 1192 1556 1254 viderint,
1574 1193 1671 1242 tol·

609 1269 790 1319 lebant
812 1269 1082 1334 experturi
1103 1268 1187 1318 cui
1209 1269 1321 1318 usui
1347 1268 1545 1318 resista
1565 1275 1673 1318 tam

609 1345 758 1393 laevis
779 1351 834 1395 et
855 1345 1016 1394 nitida
1033 1345 1328 1394 inserviret.
1395 1345 1525 1394 Cum
1547 1359 1671 1394 vero

612 1420 1002 1470 observaverint
1042 1434 1224 1469 massas
1267 1420 1406 1470 illius
1457 1419 1673 1482 figuram

613 1496 926 1547 conformem
961 1511 1074 1546 esse
1094 1495 1274 1560 figura!
1305 1497 1453 1546 istius
1475 1497 1674 1546 lacurnoe

613 1583 706 1622 scu
729 1572 896 1624 foveoe
919 1573 968 1622 iu
992 1588 1143 1638 quam
1179 1570 1520 1633 confluxerat,
1553 1588 1675 1622 con-

611 1649 888 1698 cludebant
913 1649 1095 1698 eadem
1119 1648 1330 1697 metalla
1348 1648 1468 1711 igne
1486 1648 1673 1697 iterum

615 1724 844 1772 resoluta
875 1724 926 1771 in
959 1723 1246 1787 quamlibet
1281 1721 1498 1772 formam
1533 1724 1674 1786 duci,

614 1799 692 1849 ita
715 1799 940 1864 denique
963 1798 1223 1848 attenuari
1263 1813 1432 1862 posse,
1471 1805 1528 1848 ut
1563 1815 1673 1848 mu-

613 1889 826 1925 cronem
849 1874 1114 1938 accipiant
1147 1881 1204 1924 et
1241 1889 1475 1926 acumen.
1541 1875 1675 1927 Inde

617 1965 646 2000 e
671 1952 906 2017 quolibet
927 1950 1138 2000 metallo
1159 1951 1501 2000 instrumenta
1517 1949 1676 2000 facie-

617 2029 768 2090 bant,
787 2028 971 2093 quibus
993 2027 1161 2090 sylvas
1183 2028 1507 2090 exciderent,
1527 2029 1677 2092 tigna

616 2105 888 2169 trabesque
911 2101 1254 2168 perforarent,
1273 2106 1372 2153 διο.
1419 2104 1675 2156 Quoniam

593 2180 598 2186 '
619 2194 746 2229 vero
767 2193 946 2228 aarum
970 2185 1026 2230 et
1049 2185 1316 2244 argeutum
1353 2178 1555 2229 facilins
1585 2180 1676 2230 ob·

618 2254 988 2316 tundebantur,
1019 2255 1135 2318 qnia
1155 2255 1414 2317 molliora,
1431 2255 1550 2304 ideo
1572 2257 1676 2319 pri-

618 2331 714 2380 mis
737 2330 847 2379 istis
870 2329 1158 2380 bominibus
1177 2345 1248 2378 oes
1267 2329 1538 2379 videbatur
1561 2344 1677 2394 pre·

617 2404 821 2466 tiosius,
853 2404 992 2469 qnod
1015 2404 1218 2454 utilius:
1255 2418 1420 2468 neque
1441 2412 1678 2455 naturam

619 2485 907 2543 sequuntur
946 2477 1144 2528 inficeti
1179 2478 1269 2527 isti
1305 2480 1556 2543 homines,
1591 2482 1681 2545 qui

623 2569 748 2604 auro
791 2561 845 2603 et
887 2559 1106 2616 argento
1144 2554 1412 2604 inutilibus
1455 2557 1680 2607 metallis

621 2636 854 2693 stupent,
888 2645 960 2680 aes
983 2639 1038 2680 et
1060 2629 1254 2680 ferrum
1277 2631 1482 2681 utiliora
1515 2632 1681 2697 negli-

623 2713 768 2770 gunt.
805 2720 906 2756 vss.
929 2710 1012 2756 21.
1047 2707 1240 2756 Creech.

690 2785 814 2832 1241
841 2782 1120 2846 Plumbique
1136 2783 1366 2846 potestus]
1389 2783 1607 2834 Dictum
1626 2790 1685 2833 ut

624 2873 657 2907 a
676 2857 898 2922 Virgilio
921 2857 1035 2908 AEn.
1056 2862 1102 2907 4.
1125 2861 1238 2906 182.
1259 2857 1276 2885 ‘
1293 2872 1476 2908 canum
1501 2859 1610 2909 vis.²
1632 2866 1687 2910 et

623 2949 656 2983 a
679 2934 919 2983 Lucretio
945 2933 1058 2995 ipso
1081 2948 1193 2996 sup.
1210 2936 1322 2984 878.
1354 2935 1370 2962 ‘
1396 2934 1474 2983 Ex
1507 2935 1685 2984 alieni-

625 3009 771 3072 genis
807 3008 1049 3058 membris
1101 3015 1373 3072 compacta
1413 3009 1685 3073 potestas?

627 3082 826 3134 strneb.
847 3085 979 3134 Ado.
1001 3088 1052 3136 6.
1073 3088 1122 3133 6.

691 3163 820 3210 1242
854 3161 991 3223 Ignis
1019 3161 1102 3209 ubi
1133 3159 1394 3225 ingenuis]
1429 3161 1560 3213 Vult
1579 3177 1686 3212 me-

624 3237 749 3286 talla
787 3251 900 3286 esse
939 3237 1158 3301 primum
1199 3247 1412 3302 reperta
1446 3238 1685 3288 incendio

625 3315 887 3365 silvarum.
952 3314 1105 3364 Hanc
1145 3315 1456 3366 senteutiam
1499 3315 1685 3366 confir-

625 3397 734 3438 mat
757 3389 808 3437 id
832 3391 968 3454 quod
992 3389 1176 3441 scribit
1199 3391 1418 3441 Aristot.
1439 3392 1546 3455 περὶ
1577 3393 1683 3442 θαῦ-

625 3481 740 3524 μασ.
767 3464 966 3524 &novem
998 3465 1076 3513 his
1099 3466 1298 3516 verbis:
1333 3466 1488 3532 Ἐντῇ
1505 3469 1685 3534 Ἰβηρίᾳ

626 3538 826 3600 λέγουσι
860 3543 957 3588 τῶν
989 3542 1166 3604 δρυμῶν
1201 3541 1556 3604 ἐμπρησθέντων
1594 3543 1686 3592 ὑπὸ

627 3618 768 3664 τινῶν
787 3613 1030 3676 ποιμένων,
1065 3615 1152 3682 καὶ.
1177 3618 1266 3674 τῆς
1301 3619 1393 3678 ’γῆς
1419 3619 1685 3681 διαθερμαν-

629 3691 784 3749 θείσης
801 3690 890 3739 ὑπὸ
907 3694 995 3750 τῆς
1015 3691 1148 3752 ὕλης,
1168 3695 1374 3756 φανερῶς
1387 3692 1572 3758 ἀργύρῳ
1584 3695 1687 3757 ῥεῦ-

629 3783 712 3816 σαι
731 3767 820 3839 τὴν
839 3767 1016 3830 χώραν,
1036 3767 1115 3816 καὶ
1141 3768 1265 3829 μετὰ
1296 3767 1465 3832 χρόνον
1484 3775 1690 3831 σεισμῶν

630 3841 979 3906 ἐπι-γενομένων,
1013 3843 1091 3892 καὶ
1121 3848 1216 3894 τῶν
1248 3843 1405 3894 τόπων
1433 3844 1688 3910 ῥαγέντων,

627 3918 908 3981 πάμπληθες
927 3921 1210 3982 συναχθῆναι
1231 3919 1461 3985 ἀργύριον.
1482 3921 1511 3970 b
1531 3922 1588 3982 δὴ
1610 3924 1691 3973 καὶ

631 3994 996 4045 Μασσαλιώτας
1013 3994 1241 4059 πρόσοδον
1263 3996 1482 4057 ἐποίησεν
1511 3999 1568 4048 οὗ
1597 4000 1689 4059 τὴν

628 4075 881 4134 τυχοῦσαν.
913 4074 948 4124 i.
966 4087 1015 4123 e.
1037 4075 1052 4102 ⁴
1072 4073 1235 4123 Aiunt
1255 4075 1307 4123 in
1330 4075 1584 4140 Hispania
1604 4078 1689 4127 sil-

628 4149 710 4196 ·vis
733 4147 950 4197 incensis
984 4163 1017 4196 a
1046 4147 1350 4212 quibusdam
1374 4150 1688 4216 pastoribus,

632 4232 688 4274 et
708 4229 848 4271 terra
869 4238 900 4271 a
920 4223 1138 4273 materia
1157 4223 1535 4290 concalefacta,
1571 4241 1687 4290 per-

627 4300 808 4364 spicue
831 4304 1104 4362 argentum
1133 4299 1188 4350 iu
1223 4315 1288 4351 ea
1322 4303 1534 4367 regione
1553 4301 1686 4352 flux-

1313 431 1528 490 NO'I'AE
1574 438 1975 489 vammum
2024 435 2105 488 m

1744 581 1865 643 isse,
1886 586 1943 630 et
1956 580 2219 645 aliquanto
2241 584 2363 642 post
2382 580 2617 640 tempore
2641 581 2805 629 terra

1744 663 1887 706 motu
1938 655 2233 717 subsecuto,
2288 659 2345 703 et
2386 653 2513 702 locis
2556 653 2810 716 discissis,

1742 730 2007 794 ingentem
2041 729 2146 780 vim
2186 727 2388 792 argenti
2408 735 2643 778 coactam
2666 743 2804 778 esse.

1745 807 1877 858 Quae
1913 821 1997 857 res
2030 805 2188 855 etiam
2207 802 2619 854 Massiliensibus
2640 803 2807 852 vecti-

1742 883 1879 946 galia
1916 881 2125 946 peperit
2172 894 2277 928 non
2326 877 2526 943 parva!
2590 878 2697 928 Sed
2735 879 2809 928 de

1742 959 2069 1008 metallorum
2092 955 2271 1020 primis
2304 953 2659 1004 inventoribus
2686 954 2807 1016 lege

1744 1033 1944 1096 θοοῖς.
1987 1030 2169 1096 Agric.
2222 1031 2313 1081 lib.
2355 1044 2396 1080 1.
2451 1029 2519 1079 de
2560 1029 2807 1081 metallis.

1742 1109 1909 1158 Lumb-
1972 1109 2124 1158 Idem
2159 1112 2341 1157 narrat
2373 1104 2620 1155 Posidon-
2664 1105 2807 1168 apud

1744 1185 1915 1244 Strab-
1938 1185 2028 1234 lib.
2052 1188 2101 1234 8.
2137 1182 2204 1232 de
2224 1183 2445 1232 Miceris
2480 1180 2809 1233 Turditaniae

1743 1263 1851 1312 sive
1908 1261 2243 1312 Andalusiae..
2319 1259 2607 1309 Athenaeus
2654 1263 2704 1308 6.
2754 1263 2809 1308 4.

1746 1338 2055 1388 Aristoteles
2076 1337 2143 1386 de
2164 1335 2491 1386 Mirabilibus
2515 1333 2727 1385 Auscul.
2752 1341 2809 1384 et

1746 1413 1905 1463 Diod.
1942 1413 2135 1462 Crescit.
2198 1412 2408 1461 Servius
2434 1411 2499 1461 ad
2522 1411 2811 1476 virg-liin.

1749 1493 1829 1540 12.
1870 1491 1953 1537 87.
2002 1494 2017 1518 ·
2044 1488 2199 1552 Apud
2234 1487 2459 1550 majores
2496 1486 2810 1537 orichalcum

1748 1564 2021 1628 pretiosius
2037 1563 2137 1615 fuit
2154 1563 2391 1612 omnibus
2408 1563 2653 1613 metallis.
2668 1577 2813 1612 nam-

1748 1657 1869 1706 que,
1888 1642 2025 1692 sicut
2061 1642 2336 1692 Lucretius
2375 1640 2527 1701 dicit,
2556 1654 2675 1690 eum
2704 1641 2811 1704 pri-

1748 1732 1886 1767 mum
1932 1718 2159 1767 homines
2206 1717 2377 1780 sylvas
2432 1714 2812 1777 incendissent,

1748 1794 2005 1844 nullarum
2050 1793 2215 1842 adhuc
2255 1805 2423 1841 rerum
2456 1790 2635 1854 periti,
2668 1797 2812 1840 terra
2842 1836 2847 1842 .

1750 1883 1871 1919 casu
1894 1867 2080 1918 fertilis
2104 1867 2351 1927 omnium,
2386 1879 2451 1914 ex
2474 1865 2701 1914 incendii
2724 1880 2810 1916 ca·

1748 1945 1879 2006 lore,
1908 1943 2183 1993 desudavit
2220 1942 2425 1992 metalla
2447 1958 2463 1991 =
2514 1942 2650 1990 inter
2692 1955 2809 2006 quae

1749 2021 2062 2070 orichalcum
2080 2019 2355 2082 pretiosius
2371 2019 2535 2068 visum
2550 2026 2653 2080 est,
2670 2018 2812 2082 quod

1751 2095 2155 2160 etsplendorem
2178 2095 2289 2144 auri
2320 2099 2379 2144 et
2412 2094 2530 2145 aeris
2564 2093 2811 2144 duritiem

1752 2172 2071 2237 possides-ew
2102 2171 2235 2222 Hae.

1816 2251 1946 2298 1246
1980 2246 2275 2298 Formidinis
2290 2247 2431 2312 ergo]
2460 2248 2505 2298 1.
2518 2262 2567 2298 e.
2590 2249 2812 2298 terroris

1753 2322 2009 2374 inferendi
2028 2338 2219 2374 causa.
2240 2338 2355 2385 ergo
2390 2324 2697 2388 productum
2722 2339 2812 2374 va-

1753 2400 1829 2449 let
1854 2399 1991 2450 idem
2015 2400 2151 2465 quod
2169 2397 2325 2464 χάριν,
2350 2407 2408 2450 ut
2430 2399 2589 2450 docet
2609 2399 2815 2454 Festus.

1752 2476 1920 2526 Lamb.
2092 2505 2097 2512 ·

1808 2555 1947 2625 Ι1246
1968 2551 2082 2602 Sive
2096 2555 2219 2616 quod
2229 2551 2441 2615 inducti]
2452 2552 2601 2616 Virg.
2614 2553 2814 2619 Georg.

1754 2631 1797 2676 1.
1812 2631 1897 2678 84.
1919 2629 1936 2656 ‘
1948 2629 2097 2693 Saepe
2114 2629 2273 2679 etiam
2288 2630 2514 2681 sterileis
2532 2629 2817 2680 incendere

1751 2703 1948 2768 profuit
1969 2720 2137 2769 agros,
2168 2706 2345 2770 Atque
2373 2709 2543 2758 levem
2564 2707 2815 2770 stipulam

1752 2781 2130 2844 crepitantibus
2168 2796 2322 2831 urere
2362 2780 2615 2833 flammis.'
2644 2783 2817 2834 [aab.

1756 2855 1842 2906 Ita
1902 2857 2025 2907 olim
2080 2859 2292 2922 pinguia
2335 2858 2627 2908 reddebant
2672 2875 2815 2909 arva.

1760 2932 1903 2997 Virg-
1926 2933 2122 2998 Georg.
2157 2939 2205 2985 1.
2277 2935 2463 2986 Horat.
2482 2939 2531 2986 2.
2566 2933 2743 3000 Epist.
2763 2941 2816 2986 2.

1760 3009 1931 3069 Gifun.
2678 3028 2683 3034 ·

1718 3113 1726 3118 κ
1825 3089 1951 3136 1252
1985 3087 2155 3152 Sylcus
2189 3089 2414 3138 «κῶπαι
2450 3088 2587 3152 ultis}
2618 3089 2703 3138 Sic
2724 3087 2817 3138 ba-

1758 3160 1885 3212 bent
1902 3169 2009 3212 tres
2026 3164 2114 3214 lib'.
2130 3178 2385 3214 manuscr.
2398 3164 2571 3214 Vatic.
2588 3165 2816 3215 Tettian.

1757 3237 1973 3288 Menum.
2016 3245 2073 3288 et
2111 3239 2251 3303 vulg.
2283 3240 2501 3302 Veneti,
2531 3240 2816 3291 Parisiens.

1758 3313 1847 3362 alii
1868 3313 2001 3376 ultis,
2034 3320 2093 3364 nt
2112 3313 2377 3365 collau-eat
2396 3329 2513 3365 curn
2538 3329 2664 3364 voce
2692 3319 2710 3344 ‘
2738 3331 2819 3364 ra-

1756 3387 1997 3439 dicibus.’
2030 3389 2196 3439 Lumb.
2273 3391 2422 3443 Aleis.
2454 3389 2639 3441 Girsu.
2698 3392 2819 3441 Me-

1756 3463 1855 3512 lius
1900 3479 2053 3529 quam
2096 3467 2244 3516 ultus.-
2300 3481 2419 3515 nam
2452 3467 2469 3494 ‘
2502 3467 2625 3516 altae
2678 3467 2820 3516 radi-

1758 3539 1873 3590 ces’
1892 3541 1945 3590 in
1968 3555 2117 3591 venas
2130 3542 2454 3592 metallorum
2472 3541 2821 3594 descendunt.

1762 3617 1959 3668 στερεὴ.

1827 3698 1952 3744 1261
1993 3694 2113 3744 Tum
2135 3693 2411 3756 penetrabat
2430 3693 2533 3757 eos]
2560 3693 2688 3742 Tum
2727 3708 2820 3743 ve-

1760 3769 1941 3819 niebat
1974 3770 2052 3820 eis
2090 3769 2145 3818 in
2176 3776 2433 3820 mentemt
2467 3771 2552 3819 vel
2582 3776 2691 3820 tum
2716 3770 2822 3819 sibi

1760 3845 2160 3908 persuadebant,
2188 3845 2273 3894 vel
2304 3845 2391 3911 (ut
2423 3844 2623 3897 Arnob.
2653 3846 2824 3910 loqui-

1760 3925 1846 3969 tur
1864 3921 1957 3970 lib.
1984 3922 2054 3982 1.)
2082 3922 2098 3949 ‘
2126 3928 2237 3969 tum
2276 3921 2527 3983 cogitatio
2556 3935 2647 3980 eos
2678 3921 2823 3970 subi-

1760 3996 1891 4046 bat.’
1920 3995 2089 4045 Lamo.
2155 3996 2486 4060 cogitabant,
2512 4000 2615 4048 διο.
2645 3998 2825 4049 Faber.

1761 4069 1933 4132 Εἰσήει,
1963 4070 2231 4136 εἰσήρχετο.
2263 4073 2465 4123 nmoeb.
2488 4073 2616 4122 Δάυ.
2636 4077 2721 4122 30.
2740 4077 2827 4123 22.

1826 4152 1953 4200 1263
1990 4149 2060 4198 Et
2082 4163 2299 4212 prorsum
2330 4149 2543 4212 quamvis
2574 4145 2627 4198 in
2656 4149 2825 4212 uentu]

1762 4225 1908 4275 Ordo
1944 4231 2057 4276 est:
2108 4231 2163 4274 et
2198 4223 2514 4290 penetrabat
2549 4238 2656 4286 eos,
2707 4224 2825 4274 baie

1761 4315 1997 4366 prorsum
2039 4313 2191 4365 posse
2230 4301 2352 4352 duci
2393 4299 2739 4374 procudendq
2768 4301 2825 4352 in
