3200 4959
625 410 797 479 1430
1324 425 1537 472 No‘rAE
1589 424 1987 473 vAmoauM
2046 426 2125 471 ικ

637 604 642 611 ·
689 573 786 619 971
825 570 911 630 Ee,
933 569 1203 631 quicumque
1217 564 1340 629 dies]
1363 566 1432 615 Et
1453 566 1685 631 quicum-

627 660 730 709 que
761 642 976 710 (inquit)
1011 642 1120 691 dies
1157 642 1374 705 aliquot,
1412 638 1688 705 tragoedos,

629 726 724 769 aut
763 719 1024 769 comoedos
1067 723 1458 782 spectaverunt,
1496 730 1685 781 eosque

627 794 927 845 recitanteis
961 792 1250 854 audierunt,
1282 791 1373 840 nbi
1415 792 1685 840 desierunt

627 877 868 933 spectare
907 876 961 919 et
997 868 1198 929 audire,
1229 868 1324 917 sibi
1361 875 1535 919 tamen
1571 882 1685 917 eos-

627 945 746 994 dem
767 951 1028 1007 spectare,
1064 950 1119 992 et
1142 950 1402 1005 cantores,
1422 942 1683 1005 fidicines,

629 1034 692 1074 ac
734 1019 973 1069 tibicines
1021 1016 1202 1068 aridii-e
1241 1016 1510 1067 videntur:
1543 1020 1685 1067 dede-

625 1100 740 1144 runt
757 1100 949 1156 autem,
967 1101 1023 1143 et
1039 1094 1319 1143 destiterunt
1337 1093 1497 1143 habet
1516 1093 1685 1145 codex

625 1171 968 1219 Memmiaaus
994 1176 1050 1219 et
1065 1170 1408 1221 Bertiuianus.
1428 1169 1595 1219 Lamb-

689 1246 760 1295 Et
779 1246 1050 1309 quicumque
1079 1244 1184 1293 dics
1218 1244 1410 1308 multos]
1451 1245 1515 1294 In
1546 1246 1681 1295 banc

625 1335 736 1371 rem
751 1320 1072 1385 lepidissima
1090 1320 1305 1371 historia
1323 1327 1406 1370 est
1429 1321 1568 1419 apud
1587 1322 1684 1370 La-

623 1396 844 1447 eiannm.
879 1396 1052 1449 Faber.

687 1476 786 1525 972
808 1472 1079 1535 Desierunt]
1126 1472 1214 1522 Ita
1250 1472 1304 1520 iu
1349 1477 1458 1522 vet.
1493 1471 1679 1532 libris3

623 1548 932 1599 rectissime.
1013 1544 1130 1600 Hae
1178 1548 1235 1595 in
1290 1561 1348 1599 re
1402 1555 1681 1610 peccatum

626 1622 912 1685 saepissime
936 1630 1036 1671 est.
1100 1622 1258 1685 Vulg.
1277 1622 1513 1684 dederint,
1531 1620 1679 1671 desliss

625 1698 792 1747 κηἰιέ.
825 1695 1000 1746 Gifan.

687 1772 786 1821 wa
829 1772 1055 1822 Sensibus
1102 1770 1350 1835 sum-pare]
1400 1770 1580 1822 Oculis
1622 1776 1687 1825 et.

627 1849 836 1901 suu-ibus
871 1850 1162 1913 percipere.
1226 1848 1316 1899 Sic
1352 1849 1532 1899 Plaut.
1562 1848 1679 1897 Tri·

625 1938 766 1977 num.
788 1929 838 1975 4.
855 1930 904 1975 2.
926 1929 975 1975 4.
1009 1925 1026 1955 ⁶
1045 1926 1188 1977 Quas
1205 1939 1301 1987 ego
1321 1938 1489 1989 neque
1503 1924 1683 1985 oculis,

624 2016 796 2067 neque
840 2000 1062 2065 pedibus
1114 2014 1360 2065 umquam
1403 1998 1684 2064 usurpavi?

623 2077 839 2127 Luci-et.
878 2081 925 2125 1.
951 2081 1065 2127 802.
1092 2076 1222 2125 ‘nec
1253 2074 1448 2140 frigora
1483 2077 1683 2141 quimus

625 2154 898 2218 Usurpare
921 2150 1113 2203 oeulis!
1133 2152 1300 2202 Lamb.

689 2231 788 2277 974
846 2226 1116 2289 Relliquas]
1190 2226 1321 2275 Cod.
1368 2226 1573 2277 Bertin.
1626 2233 1684 2277 et

624 2300 844 2356 Menum,
875 2302 1089 2362 babent,
1125 2302 1362 2351 Bellienus
1398 2306 1556 2351 tamea
1585 2316 1685 2353 esse

623 2376 758 2425 uias.-
809 2376 1052 2425 Vatican.
1090 2376 1360 2437 Relliquias
1396 2380 1552 2425 tamen
1583 2390 1683 2425 esse

623 2452 723 2500 uias
757 2451 812 2499 in
847 2455 1002 2500 mente
1030 2450 1284 2513 palmeis.
1327 2464 1427 2514 ego
1460 2451 1682 2513 priorem

626 2526 938 2591 scripturam
961 2526 1057 2575 hac
1075 2524 1305 2574 editione
1327 2532 1538 2574 secutus
1555 2540 1686 2587 sum,

625 2602 816 2651 ceteris
852 2600 1089 2650 omnibns.
1131 2600 1357 2663 rejectis.
1395 2614 1462 2650 ex
1497 2601 1683 2665 quibus

623 2678 748 2727 olim
771 2679 1052 2741 vulgatam,
1081 2676 1152 2727 At
1172 2676 1376 2739 reliquas
1397 2681 1553 2725 tamen
1585 2690 1687 2726 csse

623 2754 750 2817 vias,
795 2756 878 2817 ξε.
926 2759 1138 2803 secutus
1176 2766 1348 2801 eram:
1407 2759 1464 2801 et
1508 2758 1681 2801 tamen

625 2828 758 2875 hane
792 2826 1055 2891 antiquam
1077 2840 1192 2875 meo
1226 2839 1368 2874 more
1398 2825 1585 2875 lectori
1607 2825 1685 2874 in-

623 2902 850 2951 dicarem
869 2903 922 2950 in
939 2903 1104 2964 prima
1123 2908 1179 2951 et
1197 2901 1422 2951 secunda
1437 2901 1685 2951 editione.

627 2976 798 3027 Lamb.
863 2980 934 3029 At
969 2977 1206 3039 relliquias
1242 2981 1399 3025 tamen
1433 2990 1534 3025 esse
1563 2977 1685 3035 rias,

629 3057 706 3106 ita
728 3056 934 3106 omnino
966 3055 1241 3117 legendum
1281 3068 1347 3103 ex
1380 3063 1484 3106 vet.
1518 3054 1687 3117 libris,

629 3132 717 3183 vel
755 3138 812 3181 ut
847 3132 898 3180 in
934 3130 1270 3195 quibusdam=
1302 3131 1419 3192 viai,
1448 3144 1543 3194 pro
1573 3130 1682 3179 vice.

627 3208 646 3241 ‘
665 3206 780 3271 At‚’
799 3208 924 3259 lieet
944 3206 1095 3256 initio
1115 3206 1183 3256 sit
1204 3206 1430 3271 positum
1449 3205 1533 3271 (ut
1555 3206 1684 3256 alias

627 3284 792 3347 saepe)
805 3282 960 3346 jungi
976 3288 1150 3331 tamen
1171 3283 1329 3333 debet
1349 3283 1401 3333 in
1419 3283 1684 3335 metiendo

625 3373 746 3412 cum
783 3359 948 3409 verbo
983 3358 1304 3421 ‘usurpare.’
1367 3360 1503 3409 Haec
1541 3360 1683 3423 igno-

625 3439 742 3483 rata
763 3439 1083 3497 pepererunt
1105 3433 1435 3497 mendum,et
1457 3436 1508 3483 in
1531 3450 1683 3485 versu

624 3510 752 3559 etin
777 3508 1053 3557 sententia.
1119 3509 1248 3571 Legi
1277 3510 1436 3558 etiam
1468 3519 1679 3574 posset:

623 3584 697 3633 At
717 3584 958 3644 relliquas,
989 3591 1048 3631 ut
1081 3582 1138 3630 in
1171 3583 1478 3647 quibusdam
1515 3585 1685 3635 libris.

627 3658 802 3717 Gifan.
853 3657 950 3705 His
993 3656 1166 3707 verbis
1199 3660 1434 3708 voculam
1463 3658 1535 3709 Ae
1554 3674 1687 3723 prae-

621 3734 776 3797 ponit
799 3730 1060 3793 Gifanius,
1076 3731 1159 3780 cui
1189 3733 1356 3783 nullus
1380 3734 1555 3799 placet
1574 3750 1686 3784 ver·

622 3823 710 3859 ans
731 3808 829 3857 nisi
854 3807 1088 3857 vitiosus.
1133 3808 1330 3859 Crcecll.

687 3888 786 3934 978
818 3882 1110 3945 Saltanteis]
1142 3884 1487 3947 choraulae]
1507 3899 1599 3936 eos
1616 3900 1683 3936 ex

626 3961 814 4025 quibus
860 3959 1134 4010 constabat
1175 3960 1372 4010 chorus.
1443 3962 1683 4013 Saltabat

617 4036 763 4087 ,enim
783 4036 991 4098 chorus,
1007 4044 1062 4084 et
1083 4035 1344 4087 cantabat.
1381 4036 1548 4088 Lamb.

687 4114 784 4159 979
821 4112 1120 4173 chordasque
1139 4110 1419 4174 loquenteis]
1447 4112 1680 4164 Tralatio

622 4193 724 4238 cst.
822 4188 1059 4237 Catullus
1111 4188 1178 4237 ad
1234 4188 1470 4240 arborem
1523 4198 1679 4242 vento

1760 566 2007 629 agitatam
2026 566 2463 615 transmutatus.
2476 563 2540 613 ad
2557 564 2823 615 Fusium:

1760 644 1777 671 ‘
1798 644 2068 707 Loquente
2078 656 2225 705 saepe
2242 640 2449 691 sibilum
2462 639 2627 690 edidit
2638 638 2822 691 coma-⁹

1822 796 1919 841 980
1981 791 2289 855 consensum]
2338 790 2702 855 symmetriam
2762 794 2821 839 et

1758 867 2042 931 synodiam.
2099 867 2305 932 qnidam
2354 866 2564 917 codices
2606 871 2821 916 servant

1754 948 2043 1001 concentum,
2085 943 2122 992 i.
2159 958 2209 992 e.
2249 956 2459 991 suavem
2502 940 2817 989 harmoniam

1759 1034 1871 1083 qua
1896 1024 2205 1069 succentore
2238 1024 2447 1067 constat
2468 1022 2524 1065 et
2547 1016 2821 1071 incentore

1756 1099 1813 1143 et
1834 1094 2128 1156 hujusmodi
2150 1106 2423 1142 consensu.
2455 1091 2597 1140 Pius.
2660 1090 2819 1141 Utra-

1754 1182 1857 1233 que
1888 1169 2045 1219 lectio
2084 1183 2195 1217 sese
2234 1168 2369 1217 tueri
2409 1171 2599 1230 potest,
2636 1166 2739 1215 imo
2760 1170 2821 1215 et

1754 1257 2033 1303 consessum,
2064 1242 2203 1306 qnod
2243 1244 2518 1306 vulgatum
2544 1247 2651 1304 est,
2678 1240 2820 1294 hand

1754 1318 2017 1383 displicet.
2052 1318 2187 1367 Hae.

1815 1399 1910 1445 981
1949 1395 2179 1459 Decores]
2210 1393 2663 1455 Pulchritadines,
2696 1406 2818 1457 spe

1754 1470 1863 1521 cies
1885 1470 2099 1521 decoras
2116 1478 2172 1519 et
2196 1476 2455 1520 venustas.
2488 1470 2661 1518 lamb.

1826 1551 1925 1596 982
1965 1547 2119 1610 Usque
2138 1548 2252 1595 adeo
2272 1545 2434 1607 magni
2450 1544 2619 1607 refert]
2638 1544 2819 1607 Usque

1750 1622 1881 1673 adeo
1898 1637 2134 1685 magnum
2151 1627 2465 1671 momentum
2482 1617 2635 1667 affert
2646 1619 2821 1681 cujus-

1752 1712 1855 1762 que
1892 1697 2116 1747 studium
2138 1712 2198 1746 ac
2220 1697 2458 1745 voluntas
2476 1710 2492 1743 ι
2529 1694 2611 1742 vel
2654 1706 2819 1757 usque

1750 1772 1882 1821 adeo
1930 1773 2173 1832 interest,
2220 1786 2322 1835 quo
2376 1771 2593 1835 quisque
2644 1767 2821 1819 studio

1754 1854 2013 1909 teneatur,
2035 1862 2241 1913 quaque
2262 1846 2528 1896 voluntate
2549 1846 2637 1895 sit.
2650 1844 2824 1896 Lamba-

1822 1927 1918 1973 983
1972 1922 2195 1986 operati]
2235 1920 2519 1984 occupati,
2556 1920 2615 1969 iu
2654 1932 2819 1983 opere

1757 1998 1967 2051 versati.
2000 1998 2170 2047 Lamo.

1820 2078 1919 2124 986
1940 2074 2225 2137 Spin-arsque
2236 2072 2382 2137 sape]
2399 2070 2549 2122 Libri
2560 2084 2819 2121 manuscr.

1758 2154 1867 2197 tres
1909 2148 2122 2207 babent,
2159 2148 2449 2211 Spirarcque
2487 2160 2687 2209 semper.
2718 2161 2819 2217 ego

1758 2224 1885 2273 nihil
1923 2230 2084 2273 muto.
2116 2222 2285 2273 Lamb.
2362 2223 2579 2287 Semper,
2604 2230 2817 2273 veteres

1759 2299 1989 2363 quidam.
2029 2299 2197 2359 Gifan·

1820 2377 1917 2423 987
1954 2375 2021 2423 Et
2038 2370 2445 2437 quasidcpalma]
2476 2371 2526 2423 Ι.
2556 2386 2604 2422 e.
2624 2371 2693 2426 de
2713 2343 2818 2423 vic-

1760 2452 1915 2501 toria.
1943 2450 2020 2500 sie
2044 2450 2263 2511 restitui,
2298 2463 2415 2499 cum
2454 2449 2508 2497 in
2540 2448 2703 2500 tribus
2722 2447 2817 2501 lib.

1758 2540 2019 2577 manuscr.
2038 2526 2343 2589 reperissem
2360 2524 2611 2589 scriptum
2620 2526 2819 2589 pamas.

1758 2603 1937 2653 Lamb-

1822 2682 1921 2729 988
1960 2680 2081 2729 Tum
2115 2677 2249 2741 quasi
2278 2674 2570 2739 carceribus]
2620 2676 2819 2729 Versus

1756 2754 1841 2803 hic
1858 2754 1972 2816 jam
1996 2754 2116 2803 olim
2139 2754 2265 2803 mibi
2280 2754 2422 2803 visus
2444 2760 2523 2804 est
2540 2750 2817 2815 tollendus,

1758 2837 1819 2881 ut
1852 2830 2073 2893 spurius.
2140 2831 2319 2894 Atque
2341 2836 2398 2879 ut
2432 2828 2820 2893 magiaintelli-

1758 2920 1871 2969 gas,
1895 2918 2011 2953 eum
2046 2918 2159 2953 esse
2192 2904 2523 2969 inculcatum,
2544 2905 2592 2957 ia.
2618 2904 2708 2968 qui
2730 2903 2818 2957 de-

1758 2980 1944 3042 inceps
1990 2981 2249 3043 sequitur,
2285 2980 2373 3043 qui
2413 2986 2496 3029 est
2548 2992 2821 3043 gemamus

1760 3054 2131 3117 Lucretianum,
2172 3054 2357 3104 aberat
2411 3070 2442 3104 a
2494 3053 2825 3107 Bertiniano.

1756 3128 1908 3179 Licet
1932 3136 2111 3179 tamen
2140 3145 2257 3179 eum
2294 3130 2542 3192 retinere,
2559 3136 2614 3179 et
2644 3129 2723 3177 ita
2743 3130 2817 3179 le-

1762 3218 1885 3268 gere
1906 3221 1924 3255 ι
1962 3205 2080 3254 {stam
2110 3206 2243 3269 quasi.
2270 3205 2536 3258 carceribus
2564 3206 2819 3269 patefactis

1760 3284 1966 3343 tempore
2006 3288 2193 3344 puncto.
2223 3288 2281 3331 ut
2322 3286 2373 3331 2.
2414 3286 2533 3331 263.
2585 3282 2601 3309 ⁸
2626 3282 2815 3331 Nonne

1758 3355 1905 3405 vides
1927 3356 2083 3405 etiam
2102 3354 2381 3419 patefactis
2402 3364 2637 3421 tempore
2649 3372 2815 3420 punc-

1758 3436 1813 3479 to
1836 3430 2186 3493 Carceribus‚’
2208 3434 2311 3481 διο.
2344 3445 2411 3481 ex
2437 3446 2541 3495 quo
2572 3433 2689 3481 loco
2711 3430 2813 3481 for-

1760 3512 1900 3555 tasse
1922 3506 1974 3568 in
1998 3506 2132 3557 hunc
2158 3508 2321 3557 locum
2348 3508 2570 3559 alienum
2608 3508 2813 3559 delatus

1759 3587 1860 3629 est.
1924 3580 2033 3629 Sed
2064 3582 2241 3630 Simeo
2276 3582 2480 3645 Bosius,
2510 3582 2661 3638 honio
2692 3596 2815 3647 per-

1760 3673 1912 3723 quam
1948 3658 2181 3707 eruditus
2214 3664 2270 3709 et
2304 3673 2549 3723 perquam
2578 3658 2813 3721 ingenio-

1757 3749 1863 3797 sus,
1884 3734 2102 3798 putabat
2118 3734 2332 3784 retineri
2348 3749 2517 3798 posse,
2532 3740 2590 3783 et
2603 3734 2679 3783 sic
2700 3748 2814 3783 esse

1760 3811 2174 3862 emendandum:
2214 3812 2334 3859 Tum
2370 3812 2507 3873 quasi
2546 3809 2813 3859 carceribus

1753 3888 2014 3949 patefactis
2032 3886 2271 3949 exequiis-t
2295 3887 2415 3949 quis.
2461 3886 2639 3937 Lamb.
2703 3886 2810 3935 Hic

1758 3961 1979 4009 fortasse
2002 3962 2188 4009 nothus
2212 3967 2312 4010 est.
2378 3961 2441 4010 Id
2477 3960 2614 4025 qnod
2650 3960 2811 4011 etiam

1757 4036 2035 4085 Lambinus
2054 4036 2335 4087 existimat.
2392 4037 2565 4097 Gisaa.
2615 4038 2811 4088 Ἴθι-ειη

1754 4112 1977 4174 spurius.
2040 4111 2213 4163 Faber.
2284 4113 2437 4162 Hune
2458 4127 2657 4173 versum
2684 4112 2809 4175 reji-

1756 4188 1899 4237 ciunt
1920 4188 2253 4253 interpretem,
2270 4188 2483 4241 retineri
2506 4196 2675 4239 tamen
2688 4201 2812 4252 pos.-
