3200 4959
606 390 781 456 1512

609 563 762 616 quam
802 549 1016 610 lumina,
1055 553 1115 598 ut
1148 549 1287 611 apud
1324 548 1457 598 Hor.
1492 545 1596 595 Od.
1622 549 1672 594 3.

608 632 694 676 21.
746 627 763 654 ‘
796 625 1033 689 vivaeque
1084 625 1377 686 producent
1424 625 1673 680 lucernae,

613 705 752 753 Dum
769 702 1012 762 redieus‚’
1027 704 1125 752 dec.
1147 701 1315 751 Lamb.
1380 700 1469 749 Ita
1491 713 1671 749 omnes

611 781 747 830 libri.
818 779 1118 840 Lambinus,
1138 778 1264 829 bina.
1315 775 1493 827 Gifan.

670 861 770 906 479
806 853 945 912 Quod
982 856 1154 918 genus]
1220 853 1383 918 Cujus
1440 853 1670 918 generis,

609 933 799 998 qualia.
860 930 1023 980 Lumb.
1598 955 1634 982 s

671 1012 769 1057 480
803 1007 1021 1056 Membro
1042 1021 1247 1068 munere,
1268 1011 1426 1055 tumen
1446 1019 1550 1055 eum
1570 1005 1672 1054 sint

608 1100 684 1145 ea,
719 1099 824 1146 quoe
857 1082 1155 1145 moveantur]
1188 1081 1403 1144 vulgati
1428 1098 1441 1129 ε
1480 1096 1672 1131 manere

608 1165 785 1221 tumen,
818 1173 861 1208 ο.
896 1174 936 1208 s.
963 1173 1005 1207 e.
1040 1173 1088 1220 q.
1120 1161 1332 1206 moveant
1356 1172 1455 1206 nos.
1522 1159 1669 1206 Male

609 1233 702 1283 inf.
728 1249 805 1282 vs.
828 1236 945 1282 518.
983 1233 999 1260 ⁴
1022 1233 1097 1281 Ut
1118 1234 1283 1296 possit
1304 1234 1489 1282 coelum
1516 1235 1676 1281 omne'

607 1323 822 1358 manere
843 1309 909 1358 In
932 1308 1173 1372 statione,
1207 1314 1377 1357 tamen
1395 1307 1549 1370 cum‚’
1570 1311 1669 1359 διο.

612 1385 786 1446 Gifan.
856 1388 979 1436 Cum
1009 1384 1105 1433 sint
1136 1398 1209 1442 ea,
1246 1399 1349 1446 quae
1381 1389 1671 1433 moveantur.

608 1462 919 1512 Sic'habent
941 1467 1188 1525 quattuor
1204 1459 1323 1508 libri
1340 1460 1670 1523 Manuscrip-

610 1539 671 1600 ti,
710 1537 763 1586 in
803 1538 986 1600 quibus
1026 1541 1109 1584 est
1148 1536 1510 1585 Memmiauns.
1546 1547 1670 1586 nam

609 1612 751 1675 vulg.
793 1611 990 1662 habent
1016 1627 1120 1674 quoe
1156 1616 1373 1660 moveant
1392 1627 1494 1675 nos,
1518 1612 1670 1675 plane

608 1687 871 1736 mendose.
942 1687 1097 1736 Hanc
1136 1686 1551 1737 emendationem
1592 1703 1674 1737 ar-

610 1763 772 1826 ripuit
792 1763 991 1811 Thraso
1014 1777 1107 1810 suo
1129 1776 1289 1813 more.
1322 1763 1488 1814 Lamb.

675 1841 770 1887 481
808 1837 1079 1898 Hisigitar
1096 1837 1250 1899 rebus,
1268 1836 1377 1899 ism]
1416 1837 1521 1886 Sed
1542 1852 1673 1902 opus

609 1905 843 1962 nondum⁴
857 1912 1148 1976 perfectum
1173 1919 1288 1973 est;
1314 1914 1497 1963 nullibi
1520 1916 1676 1976 enim,

614 2003 766 2054 aqua,
808 1989 918 2052 aer,
966 1989 1134 2054 ignis:
1190 1988 1478 2039 faeculenta
1519 1991 1677 2054 igitur

610 2067 714 2116 ista
736 2067 1027 2130 congeries,
1061 2081 1178 2130 quae
1202 2067 1428 2115 inimum
1448 2066 1675 2116 conflux-

611 2143 677 2203 it,
722 2143 843 2192 solis
886 2143 1048 2192 radiis
1092 2142 1400 2207 aetherisque
1441 2151 1571 2192 aestu
1611 2159 1676 2193 ex

612 2219 752 2268 omni
776 2226 927 2280 parte
950 2232 1129 2281 pressa
1160 2233 1215 2266 se
1245 2220 1532 2281 contraxit,
1554 2220 1678 2269 inde

611 2308 753 2342 mare
775 2300 1020 2358 tanquam
1037 2294 1195 2343 sudor
1208 2295 1497 2356 emanavit3
1519 2296 1678 2345 levio-

617 2383 701 2418 res
740 2376 914 2418 autem
964 2370 1235 2432 particulae
1277 2370 1433 2419 altius
1472 2378 1676 2421 evectae

614 2446 929 2494 elementum
973 2446 1107 2508 iguis
1142 2452 1197 2494 et
1230 2445 1367 2494 aeris
1390 2448 1677 2496 constitue-

613 2525 734 2568 runt
756 2524 771 2568 τ’
806 2534 921 2569 cum
960 2535 1082 2569 vero
1105 2521 1254 2586 hujus
1276 2523 1535 2584 congeriei
1561 2538 1676 2586 par-

617 2595 792 2645 ticulae
830 2595 1067 2660 quaedam
1114 2596 1259 2646 durae
1304 2598 1467 2662 magis
1504 2607 1679 2650 essent

616 2671 919 2736 rigidaeque,
954 2685 1130 2721 omnes
1166 2687 1269 2722 non
1296 2675 1493 2737 pariter
1515 2675 1680 2725 subsi-

617 2747 831 2811 debant,
870 2747 990 2798 inde
1028 2764 1158 2799 cava
1189 2751 1309 2800 loca
1331 2752 1459 2800 mari
1492 2753 1679 2816 recipi-

615 2823 751 2873 endo
788 2824 997 2889 idonea,
1036 2825 1157 2874 inde
1202 2827 1361 2876 etiam
1404 2825 1678 2877 fluviorum

618 2900 771 2962 alvei,
802 2901 923 2949 inde
967 2900 1191 2965 denique
1232 2904 1370 2965 plani
1404 2904 1592 2967 campi,
1623 2908 1680 2954 et

614 2976 868 3024 montium
895 2975 1118 3025 altitudo
1146 2992 1245 3028 vss,
1269 2980 1351 3027 18.
1388 2979 1579 3028 Creech.

680 3054 779 3100 482
813 3053 1121 3115 Pontiplugu
1140 3054 1339 3116 coerulu]
1373 3055 1679 3105 Mare.Vir-

617 3126 707 3190 gil.
730 3128 891 3176 maria
906 3131 923 3157 ⁴
944 3129 1155 3178 eaerula’
1176 3131 1462 3194 appellavit
1483 3131 1679 3194 simpli-

615 3203 771 3252 citer.
828 3204 945 3254 AEn.
968 3209 1017 3254 3.
1041 3210 1151 3255 208.
1179 3207 1195 3234 ‘
1214 3205 1407 3254 Annixi
1430 3213 1681 3271 torquent

617 3292 846 3344 spumas,
866 3288 921 3330 et
952 3284 1145 3332 caerula
1177 3283 1431 3334 verrunt?
1461 3287 1547 3348 qui
1567 3299 1680 3334 ver·

617 3369 703 3404 sus
725 3357 952 3406 iteratur
980 3357 1078 3407 lib.
1098 3363 1149 3408 4.
1172 3359 1248 3407 sie
1272 3366 1327 3408 et
1346 3361 1483 3409 Tull.
1516 3360 1607 3408 lib.
1627 3366 1678 3410 5.

618 3430 687 3479 de
732 3433 847 3482 Fin.
888 3432 1057 3481 ‘Nam
1098 3447 1252 3482 nemo
1302 3440 1383 3483 est
1436 3449 1678 3497 umquam

614 3507 729 3557 haec
771 3515 1093 3557 transvectus
1127 3512 1323 3558 caerula
1351 3510 1541 3572 cursu,’
1575 3514 1678 3562 &ci

618 3585 897 3634 Lucretius
935 3595 1107 3635 autem
1134 3590 1180 3635 1.
1212 3590 1360 3634 1089.
1401 3588 1416 3615 ‘
1437 3586 1552 3635 caeli
1574 3603 1677 3636 cae·

616 3659 744 3707 rula'
778 3658 946 3707 dixit:
988 3660 1092 3708 ‘Et
1136 3661 1251 3709 eseli
1288 3659 1546 3710 flammam
1582 3677 1677 3726 per

618 3725 973 3784 'eaelicoerula
1014 3734 1195 3798 pasci?
1241 3743 1297 3786 et
1336 3735 1428 3786 inf.
1468 3743 1517 3786 6.
1561 3743 1676 3790 770.

618 3814 635 3841 ⁸
657 3812 827 3876 magni
864 3827 960 3877 per
995 3814 1187 3862 caerula
1210 3814 1424 3866 mundi.’
1444 3822 1499 3865 et
1522 3821 1572 3866 6.
1590 3821 1673 3868 95.

617 3890 634 3918 ‘
653 3889 919 3951 Principio
943 3889 1141 3938 tonitru
1162 3892 1465 3954 quatiuntur
1484 3895 1678 3943 caerula

620 3965 771 4016 cali!
803 3972 858 4014 et
891 3964 1008 4014 eod.
1043 3965 1137 4014 lib.
1172 3981 1249 4015 vs.
1276 3972 1394 4019 481.
1431 3971 1447 3996 ⁶
1467 3970 1676 4019 caerula’

619 4042 925 4104 simpliciter
949 4055 1043 4104 pro
1066 4041 1231 4103 caelis,
1268 4057 1361 4092 seu
1384 4045 1535 4107 caelo,
1571 4046 1588 4073 ‘
1605 4047 1675 4095 Et

620 4117 769 4180 quasi
789 4116 1055 4166 densendo
1086 4116 1316 4168 subtexit
1338 4121 1528 4170 caerula
1546 4121 1676 4171 nim-

618 4191 736 4243 bis.'
768 4191 932 4242 Lamb.

616 4283 625 4293 ·
682 4271 779 4316 483
813 4269 881 4318 Et
896 4268 1017 4318 salso
1030 4268 1254 4333 suffudit]
1276 4270 1442 4322 Codd.
1460 4273 1672 4324 Merum.

939 4413 967 4428 κ

1302 403 1513 454 No'rAE
1561 403 1659 451 vA
1671 401 1902 452 multu
1915 403 1970 449 M
2019 402 2099 450 m

1749 544 1933 606 babet,
1951 549 2000 593 et
2020 545 2144 593 salso
2162 542 2377 606 suffudit.
2413 557 2480 590 ex
2512 555 2615 606 qua
2645 541 2817 606 scrip·

1750 626 1868 669 tura
1906 620 2310 683 conjiciebamus
2345 633 2444 681 ego
2469 620 2537 668 ‘et
2570 619 2816 668 Muretus

1749 695 2025 757 legendnm
2047 695 2267 758 suffudit.
2337 695 2472 744 Nam
2495 693 2613 743 libri
2633 695 2815 758 vulga-

1748 770 1790 820 ti
1812 771 2008 821 habeut
2029 770 2246 835 suffodit,
2273 769 2497 819 fortasse
2531 771 2817 832 mendose;

1747 847 1842 896 nisi
1867 848 1982 911 quis
2003 847 2166 908 dieat,
2184 847 2380 910 suffodit
2402 847 2563 906 fossus
2595 860 2712 895 esse
2736 855 2817 897 at-

1746 923 2023 983 ticismum,
2045 937 2212 988 neque
2237 925 2376 972 aliud
2401 925 2482 974 bic
2513 924 2617 973 dici
2641 939 2671 973 a
2711 926 2813 974 Lu-

1747 998 1932 1062 cretio,
1958 1013 2109 1062 quam
2127 999 2265 1062 quod
2288 999 2484 1048 dictum
2501 1007 2584 1050 est
2604 1001 2670 1050 ab
2688 1002 2816 1064 Epi·

1747 1088 1892 1135 euro,
1930 1079 1991 1123 ut
2025 1072 2187 1123 refert
2226 1075 2567 1139 Plutarchus,
2600 1077 2815 1127 ἐκοίλαινε

1745 1150 1855 1200 τοὺς
1877 1149 2198 1210 ὑποκειμένους
2211 1150 2402 1211 τόπους,
2423 1153 2457 1201 i.
2479 1167 2527 1203 e.
2552 1154 2569 1181 ‘
2586 1157 2811 1204 excava‘ss

1747 1226 1824 1274 vit
1854 1226 2094 1289 subjecta
2135 1226 2281 1276 loca!
2321 1227 2690 1278 Verumtamen
2713 1229 2816 1289 sur-

1733 1301 1875 1360 fudit
1911 1303 2098 1352 malim.
2128 1301 2334 1366 suffiadit
2357 1310 2530 1352 autem
2557 1305 2814 1370 interpre-

1750 1384 1833 1428 tor
1883 1379 2066 1428 subtus
2121 1377 2356 1443 perfudit
2403 1387 2460 1430 et
2513 1384 2814 1446 complevit.

1751 1456 1917 1505 lamb.

1761 1556 1770 1563 ·
1815 1536 1912 1581 485
1934 1531 2200 1594 Cogebant]
2217 1531 2630 1595 compellebant.
2649 1535 2814 1585 Lumb-

1816 1611 1916 1657 486
1931 1609 2182 1658 “Extrema
2203 1610 2266 1658 ad
2281 1610 2448 1658 limina
2457 1612 2694 1675 apertam]
2711 1613 2818 1661 Hu-

1743 1683 1835 1747 jus
1854 1684 1959 1732 loci
1981 1685 2248 1734 restitutio
2283 1685 2413 1734 Adr.
2448 1687 2694 1738 Turnebo
2727 1690 2814 1738 de·

1751 1760 1942 1810 betur:
1978 1763 2068 1826 qui
2113 1776 2228 1812 eum
2263 1765 2466 1814 videret
2487 1781 2587 1815 uua
2611 1781 2814 1818 mecum

1751 1837 1826 1886 ita
1846 1837 1950 1900 legi
1973 1838 2026 1886 in
2045 1838 2288 1888 omnibus·
2297 1839 2442 1888 libris
2458 1848 2568 1890 tum
2591 1845 2817 1906 excusis,

1755 1917 1864 1960 tum
1885 1921 2158 1962 manuscr?
2169 1913 2450 1964 Verberibus
2461 1918 2640 1966 crebris
2659 1924 2816 1967 extre-

1751 2002 1830 2037 ma
1849 1989 2096 2037 adliminat
2111 1995 2316 2052 purtem.-
2356 1991 2696 2053 εὐστοχώτατοι
2719 1995 2815 2058 εἰσ,

1753 2070 1813 2112 ut
1831 2063 2196 2114 excudendum
2213 2067 2410 2130 euiravi,
2431 2069 2815 2121 emendandum

1753 2141 2005 2205 conjecit,
2057 2141 2339 2191 Verberibus
2387 2144 2564 2193 crebris
2601 2150 2818 2196 extrema

1751 2218 1814 2264 ud
1858 2217 2024 2265 limina
2065 2223 2297 2280 apertum.
2376 2220 2543 2270 Quam
2586 2221 2816 2284 scriptu-

1753 2306 1860 2341 ram
1885 2291 1961 2341 sic
1983 2295 2222 2357 explico:
2257 2295 2329 2344 Et
2349 2295 2480 2345 radii
2505 2295 2624 2344 solis
2657 2311 2817 2361 coge-

1753 2367 1881 2418 bant
1917 2374 2110 2418 terram
2136 2370 2153 2397 ‘
2171 2370 2438 2434 apertam,’
2475 2373 2507 2421 i.
2529 2385 2576 2420 e.
2601 2372 2813 2436 nudam,

1751 2444 1980 2493 nondum
2003 2445 2274 2494 arboribus
2298 2449 2574 2509 consitam,
2589 2449 2814 2498 nondum

1752 2519 1989 2585 frugibus
2033 2521 2308 2586 herbisque
2350 2524 2610 2586 vestitam,
2665 2539 2819 2590 coge·

1753 2596 1884 2646 bant
1919 2597 2178 2663 (inquam)
2199 2599 2499 2648 verberibus
2525 2600 2726 2650 crebris
2747 2602 2814 2651 ad

1753 2679 2017 2723 extremas
2040 2687 2176 2736 oras,
2197 2681 2257 2724 ut
2287 2677 2618 2738 propulsa‘in
2640 2677 2816 2726 medio

1755 2764 1848 2799 suo
1893 2751 2076 2800 eoiret.
2143 2751 2294 2800 Licet
2327 2751 2487 2799 etiam
2529 2753 2813 2814 ‘apertam’

1753 2825 2072 2888 conjungere
2095 2839 2212 2874 cum
2230 2826 2247 2854 ‘
2264 2827 2564 2876 verberibus
2576 2829 2771 2878 crebris
2784 2829 2819 2878 ι’

1753 2907 1809 2949 et
1831 2901 1909 2950 ita
1931 2901 2286 2966 interpretari,
2317 2904 2607 2966 expositam
2633 2905 2817 2955 verbe-

1752 2976 1896 3026 ribus
1939 2977 2152 3027 crebris.
2218 2977 2325 3027 Sed
2363 2979 2456 3029 illo
2485 2981 2634 3029 modo
2659 2983 2816 3033 malo.

1759 3053 1925 3102 Lamb.
1960 3055 2208 3116 Apertum.
2231 3054 2316 3103 Sie
2336 3054 2568 3103 Turneb.
2587 3064 2644 3104 et
2661 3057 2816 3106 Lam·

1755 3129 1864 3179 bin.
1889 3129 2120 3194 egregie.
2137 3130 2309 3179 Libri:
2331 3135 2532 3193 purtem.
2564 3131 2813 3196 Aper-tm,

1755 3208 1992 3268 congruit
2025 3206 2233 3255 verbis:
2275 3207 2606 3270 ‘cogebant,'
2657 3209 2816 3259 ‘con-

1754 3280 1919 3330 densa
1936 3281 2138 3331 eoiret!
2171 3281 2281 3342 Gis.

1759 3373 1766 3384 ·
1821 3360 1920 3406 488
1957 3357 2226 3420 Expn’ssus
2242 3359 2302 3406 de
2321 3372 2510 3420 corpore
2529 3358 2700 3421 sudor]
2733 3357 2814 3408 Ex

1753 3433 2013 3483 sententia
2044 3432 2398 3494 Empedoclis.
2466 3433 2604 3483 Vide
2627 3435 2814 3484 Emen-

1753 3505 1990 3557 dationes
2013 3507 2078 3556 ad
2101 3507 2288 3556 librum
2311 3512 2361 3557 2.
2401 3507 2570 3559 Faber.
2797 3535 2806 3544 ·

1818 3588 1919 3633 489
1954 3585 2244 3646 Campusque
2269 3585 2532 3648 nutanteis]
2585 3583 2631 3634 1.
2669 3600 2718 3635 e.
2756 3591 2816 3635 et

1755 3674 1966 3724 aequora
1985 3661 2160 3720 maris,
2179 3673 2270 3709 seu
2293 3661 2641 3725 mare-ipsum.
2664 3661 2738 3709 sic
2762 3666 2816 3711 6.

1750 3741 1865 3786 404.
1881 3738 1896 3765 ‘
1911 3735 2037 3798 quid
2061 3734 2223 3784 undas
2244 3737 2456 3800 Arguit,
2489 3743 2544 3786 et
2566 3737 2814 3801 liquidam

1749 3813 1958 3874 molem,
2002 3825 2317 3876 camposque
2379 3813 2639 3862 natanteis
2656 3812 2692 3862 ?'
2735 3813 2815 3864 sie

1751 3889 1897 3952 Virg.
1937 3889 2134 3951 Georg.
2178 3892 2226 3936 3.
2271 3893 2382 3939 198.
2420 3891 2568 3938 ‘tum
2605 3896 2815 3954 segetes

1751 3967 1892 4027 altoe,
1905 3965 2436 4028 campique-natantes
2449 3967 2678 4018 Lenibus
2695 3969 2815 4018 hor·

1748 4047 1960 4090 rescunt
1991 4039 2207 4090 flabris!
2239 4042 2407 4092 Βοιώ.

1812 4122 1910 4167 492
1943 4117 2242 4180 Dmebant]
2278 4118 2323 4168 1.
2347 4133 2395 4169 e.
2422 4120 2728 4188 densabant,
2752 4131 2814 4176 ut

1747 4209 1890 4258 saepe
1906 4196 2051 4244 alias.
2086 4193 2252 4243 [Δηώ.

1755 4303 1766 4308 -
1812 4275 1908 4320 493
1945 4268 2199 4331 sidebant]
2236 4269 2606 4323 Subsidebant.
2641 4274 2811 4334 namt.
