3200 4959
556 407 740 476 15⁵0
841 423 848 430 ·
1263 421 1478 472 nors:
1523 419 1925 474 unionum
1976 421 2053 472 ln

561 563 904 628 probabilem,
947 568 1004 614 et
1043 561 1265 614 masline
1307 577 1426 614 cum
1469 562 1617 613 libris

557 641 784 705 antiquis
826 645 1244 690 consentaneam.
1279 639 1353 689 sic
1390 638 1502 689 fere
1541 641 1617 688 lo-

561 715 742 780 quitur
773 719 825 766 6.
859 718 1004 764 11⁶2.
1034 715 1049 744 ⁸
1071 715 1298 777 Spiritus
1337 729 1428 764 ore
1472 713 1616 765 foras

561 797 767 842 toetrum
789 790 1032 840 volvebat
1052 788 1300 840 odorem.’
1319 790 1488 840 Lumb.
1523 789 1617 850 Εἰ*

547 864 715 930 flaret.
749 865 1000 926 Floret,in
1025 863 1142 913 aliis
1164 865 1326 914 libris.
1363 864 1535 924 Gifcm.

621 945 722 990 ⁹⁰8
754 939 992 1004 Effutiut]
1033 940 1234 992 Nonius
1257 940 1414 990 docet
1447 944 1462 968 ⁸
1487 938 1617 989 effu-

559 1013 697 1078 tire,'
712 1012 850 1063 idem
873 1017 1046 1064 valere
1069 1013 1207 1077 quod
1239 1014 1254 1042 ⁸
1272 1028 1390 1063 cum
1413 1013 1619 1064 menda·
1652 1022 1657 1028 '

511 1099 518 1104 “
559 1089 640 1139 clo
681 1089 890 1152 ‹licere,'
921 1095 978 1139 et
1014 1089 1213 1153 profert
1251 1090 1386 1140 bunc
1427 1089 1616 1140 locum.

552 1165 897 1216 animadverti
938 1173 1110 1216 autem
1161 1166 1259 1216 boc
1311 1167 1522 1216 verbum
1563 1165 1616 1216 in

555 1241 868 1306 quibusdam
908 1243 1057 1293 libris
1105 1242 1264 1294 scribi
1311 1242 1509 1306 duplici
1552 1247 1616 1296 te.

550 1315 739 1370 hamb.

621 1396 718 1444 911
767 1393 870 1444 Ast
889 1394 1120 1446 hominem
1137 1400 1276 1444 sunto
1289 1394 1617 1460 menbrorum]

561 1467 908 1520 Quamobrem
929 1471 1028 1520 hoe
1065 1485 1169 1520 non
1203 1472 1435 1534 potuerit
1469 1472 1617 1524 initio

559 1542 768 1594 efficere
791 1553 996 1607 natura,
1027 1561 1234 1596 causam
1257 1545 1409 1598 affert
1432 1551 1480 1598 1.
1500 1553 1616 1598 200.

555 1620 574 1648 ⁸
591 1619 830 1684 Denique
853 1635 946 1670 cur
979 1621 1212 1671 homines
1235 1628 1408 1674 tantos
1429 1630 1621 1674 natura

559 1707 746 1756 parare
772 1695 896 1744 Non
919 1697 1110 1760 potnit,
1137 1697 1356 1760 pedibus
1380 1699 1468 1762 qui
1491 1714 1620 1762 pon-

559 1774 670 1818 tum
709 1782 806 1833 per
846 1770 978 1822 vada
1013 1779 1226 1834 possent
1267 1774 1526 1836 Transire,
1561 1782 1619 1825 et

557 1857 774 1907 magnos
817 1848 1052 1897 manibus
1087 1848 1344 1900 divellere
1379 1851 1621 1916 monteis,

558 1917 834 1985 Multaque
857 1923 1078 1972 vivendo
1093 1924 1271 1975 vitalia
1294 1925 1502 1975 vincere
1521 1941 1620 1976 sse-

549 1997 658 2060 ,cla,
692 1997 749 2047 Si
771 2011 891 2062 non,
911 2000 1153 2050 materies
1177 2001 1302 2065 quia
1325 2002 1480 2052 rebus
1503 2003 1619 2052 red-

555 2073 670 2124 dita
688 2081 834 2124 certa
853 2082 931 2126 est
949 2075 1242 2139 Gignundis
1255 2077 1297 2125 ,θ’
1319 2081 1418 2128 &c.
1453 2078 1618 2126 Lumb-

543 2189 550 2194 .
619 2153 717 2200 ⁹21
741 2149 838 2200 Res
854 2150 924 2200 sie
945 2167 1137 2215 quaque
1157 2167 1243 2202 suo
1257 2154 1358 2202 ritu
1369 2153 1616 2214 procedit,-

555 2229 606 2274 σθ
639 2226 822 2288 omnes]
854 2227 942 2278 Ita
973 2227 1250 2277 Lambinus
1291 2235 1465 2289 acute,
1497 2243 1617 2278 cum

547 2299 612 2356 -in
651 2301 884 2350 omnibns
923 2302 1068 2352 libris
1090 2310 1246 2366 essct,
1277 2303 1390 2352 Sed.
1456 2304 1617 2354 Forte

555 2373 714 2424 etiam
757 2375 874 2426 εἰσι
927 2376 1022 2426 Sed
1067 2379 1139 2426 εἰσ
1177 2379 1386 2441 quicque.
1439 2379 1615 2430 omnia.

555 2449 678 2503 Hoc
700 2450 898 2514 placuit
917 2452 1165 2514 Marullo,
1199 2459 1254 2502 et
1284 2454 1615 2506 Florentinis.

559 2525 730 2588 (ἔφη.
767 2528 819 2576 s'n
853 2527 1014 2592 prima
1061 2529 1178 2580 edit.
1243 2530 1375 2580 Cum
1397 2530 1466 2578 in
1507 2545 1615 2581 om-

545 2601 706 2655 nibns
731 2601 874 2654 libris
899 2608 956 2654 et
979 2617 1232 2656 manuscr.
1250 2612 1304 2654 et
1329 2605 1614 2669 impressis,

553 2683 906 2744 praeterquam
941 2680 994 2730 in
1032 2680 1261 2730 Florent.
1289 2680 1365 2730 sic
1389 2674 1613 2744 raperis·

555 2766 662 2804 sem
675 2753 922 2818 scriptum
946 2771 960 2804 ε
997 2755 1095 2804 Sed
1113 2755 1183 2804 εἰσ
1197 2770 1387 2818 quaeque
1407 2771 1491 2805 suo
1511 2757 1615 2806 ritu

544 2829 780 2891 procedit,
801 2835 849 2882 et
865 2847 1040 2894 omnes,
1058 2833 1256 2882 Foedere
1276 2837 1464 2881 nutura·
1485 2838 1613 2882 certo

551 2905 831 2956 discrimina
867 2915 1090 2958 servam.-
1146 2923 1178 2957 a
1212 2923 1294 2958 me
1329 2909 1614 2972 impetrare

551 2993 654 3030 non
693 2983 858 3046 potui,
901 2989 958 3034 ut
991 2985 1045 3032 in
1087 2991 1336 3049 quattuor
1380 2986 1614 3050 vocibus,

551 3071 765 3122 queque,
805 3065 872 3123 et,
913 3077 1087 3123 omns,
1129 3067 1339 3125 sernum,
1371 3063 1612 3112 mendum

549 3131 764 3184 subesse
806 3136 1181 3200 existimarem,
1213 3139 1304 3189 sed
1343 3139 1397 3188 in
1439 3139 1614 3203 aliqua

549 3207 650 3258 alia
671 3209 863 3276 potins.
931 3213 1120 3278 Itaque
1143 3214 1490 3264 Florentinam
1509 3215 1611 3263 lec-

551 3283 740 3333 tionem
763 3287 944 3350 reJeci,
966 3303 1082 3353 qnae
1121 3289 1242 3338 talis
1279 3296 1377 3350 est,
1408 3289 1510 3338 Sed
1541 3289 1613 3337 sic

542 3360 760 3422 ,quodque
777 3375 862 3410 suo
882 3363 984 3414 ritu
999 3365 1234 3426 procedit,
1248 3369 1302 3414 ut
1321 3366 1480 3414 omnia
1508 3365 1611 3414 Foe-

535 3433 656 3486 ,dere
709 3440 896 3486 mum
931 3444 1059 3488 certo
1097 3439 1368 3488 discrimina
1407 3446 1609 3492 mm.

531 3510 838 3573 ‚suspicatus
863 3520 1036 3564 autem
1060 3515 1278 3578 primam
1295 3529 1476 3565 vocem
1498 3530 1609 3565 ver·

545 3596 632 3631 sus
655 3598 768 3637 esse
793 3585 1145 3650 depravatam,
1161 3589 1237 3638 sic
1257 3590 1486 3654 reposui,
1506 3591 1607 3641 Raes

545 3657 618 3706 sic
635 3674 829 3722 queque
848 3676 930 3710 suo
949 3663 1051 3712 ritu
1079 3664 1311 3727 procedit,
1349 3670 1398 3714 et
1433 3680 1607 3730 omnes,

545 3735 634 3798 ᾄσ.
653 3734 830 3784 Zoilus
850 3735 1000 3786 initio
1023 3738 1266 3801 probavit
1281 3739 1415 3789 hanc
1432 3754 1603 3791 emen-

527 3809 812 3873 ,dationem
837 3826 854 3860 ε
887 3810 1078 3863 deinde
1115 3827 1146 3863 e
1167 3814 1390 3879 vestigio
1415 3816 1605 3880 impro-

546 3888 710 3954 bavit,
723 3896 776 3938 et
797 3889 872 3938 ita
893 3892 1250 3960 reponendum
1272 3894 1444 3956 gravis
1481 3908 1603 3946 auc-

545 3970 630 4016 tor
671 3965 895 4028 censuit,
925 3965 1023 4014 Sed
1054 3967 1123 4016 sic
1159 3968 1364 4032 quidque
1396 3985 1481 4020 suo
1498 3971 1603 4021 ritu

1692 567 1839 614 1⁰22.
1876 561 2051 624 Gq‘fun.
2086 562 2141 612 in
2170 562 2419 627 poderim-i
2444 560 2565 614 esu.

1754 643 1849 688 928
1884 640 1954 688 Ee
1970 653 2119 700 genus
2138 639 2415 700 humanum,
2440 639 2553 702 ξι]
2594 639 2759 690 Ntum

1690 714 1759 763 de
1779 715 1958 777 primis
1980 715 2267 765 bominibus
2292 715 2453 765 verba
2474 714 2653 766 facere
2666 716 2749 764 in·

1690 791 1839 853 cipit.
1872 791 2039 840 Lumb.
2109 792 2177 840 Et
2207 806 2375 852 genus.
2440 791 2752 855 Descriptio

1690 868 1851 930 plane
1872 865 2189 916 admirabilis
2212 881 2377 931 usque
2398 866 2465 914 ad
2498 881 2577 917 vs.
2606 870 2757 916 1⁰⁸⁹.

1692 942 1797 994 Qui
1841 941 2117 991 relationes
2158 931 2500 991 recentiorum
2529 942 2757 1004 scripto·-

1693 1033 1806 1068 rum
1830 1020 2091 1082 legerunt,
2120 1018 2207 1068 hic
2242 1018 2587 1080 Margaiates,
2622 1018 2755 1067 Bra-

1690 1093 1852 1156 silios,
1878 1093 2174 1157 Canibalss,
2208 1101 2264 1143 et
2288 1095 2563 1157 plerosque
2582 1091 2752 1144 Indiae

1693 1169 2048 1220 Occidentalis
2070 1171 2287 1234 populos
2324 1176 2623 1232 agnoscent.
2654 1169 2759 1220 Fa-

1692 1243 1789 1294 ber.
1856 1245 2137 1295 Hominum
2162 1259 2191 1294 e
2226 1252 2374 1296 terra
2402 1252 2640 1296 natorum
2674 1244 2751 1292 vi·-

1692 1324 1817 1382 tam,
1846 1318 2101 1382 habitum,
2123 1319 2405 1384 ingenium,
2433 1332 2602 1370 mores
2632 1317 2753 1374 fuse

1690 1395 1965 1457 describit,
2002 1404 2059 1446 et
2096 1397 2261 1460 primo
2302 1395 2509 1459 quidem
2548 1409 2649 1443 vas.
2666 1398 2753 1444 2⁰.

1692 1471 1847 1521 docet
1860 1472 2053 1536 primos
2074 1471 2305 1521 homines
2325 1470 2577 1532 validiori,
2590 1485 2752 1534 quam

1692 1561 1855 1608 nnnc,
1876 1547 2169 1598 constitisse
2182 1560 2420 1609 corpore,
2436 1545 2505 1596 ob
2518 1545 2754 1596 innatam

1692 1624 1955 1686 duritiem,
1994 1637 2148 1687 qnam
2190 1637 2221 1672 e
2250 1621 2379 1672 dura
2422 1629 2563 1672 terra
2586 1623 2755 1685 geniti

1692 1709 2080 1763 contraxerant,
2132 1700 2255 1750 inde
2306 1700 2478 1748 minus
2538 1698 2753 1750 obnoxii

1691 1776 1879 1826 morbis
1902 1780 2071 1838 eraut,
2086 1782 2143 1825 et
2162 1774 2401 1837 longavi.
2466 1773 2637 1824 Nemo
2660 1789 2751 1822 au-

1690 1858 1801 1902 tem
1822 1865 1973 1916 εει-οε
1996 1850 2179 1914 coluit,
2212 1849 2305 1899 sed
2329 1849 2619 1913 glandibus,
2654 1864 2747 1914 po-

1690 1927 1786 1974 mis
1826 1926 2190 1990 sylvestribus,
2226 1931 2285 1974 et
2332 1925 2451 1974 aliis
2490 1924 2751 1988 ejusmodi

1689 2003 1947 2053 fructibus
1988 2002 2269 2066 placabant
2306 1999 2498 2050 famem
2524 2016 2539 2050 z
2572 2000 2638 2051 ad
2672 2015 2751 2050 se-

1688 2078 1915 2129 dandam
1958 2078 2099 2128 sitim
2140 2076 2285 2128 fluvii
2334 2075 2611 2141 fontesque
2654 2092 2751 2128 suo

1690 2168 1949 2204 murmure
2006 2153 2279 2204 vocabant.
2333 2167 2436 2203 vsa.
2472 2156 2522 2201 8.
2589 2153 2751 2204 Nulla

1691 2231 1793 2280 illis
1840 2230 2169 2292 vestimenta,
2204 2231 2360 2278 nnllae
2396 2229 2593 2290 domus,
2624 2243 2747 2294 pro-

1689 2306 1955 2369 cellarum,
1998 2303 2306 2370 frigorisque
2358 2304 2459 2353 vim
2499 2301 2752 2356 defende.

1686 2381 1817 2433 bant
1838 2383 2015 2446 sylvae,
2045 2380 2279 2444 frutices,
2301 2387 2357 2430 et
2377 2386 2550 2443 antra,
2575 2395 2679 2431 vss.
2698 2385 2751 2432 6.

1691 2457 1863 2506 Nulla
1910 2459 2080 2521 legesz
2118 2457 2313 2507 nullum
2350 2471 2618 2506 commune
2657 2457 2747 2506 bo-

1690 2546 1838 2582 numz
1878 2532 2125 2584 vivebant
2157 2539 2327 2596 rapto,
2363 2539 2421 2582 et
2454 2532 2753 2596 promiscua

1689 2621 1882 2657 venere
1896 2607 2039 2673 (nam
2060 2609 2130 2671 vi,
2147 2608 2431 2670 blanditiis,
2442 2614 2535 2657 aut
2556 2610 2749 2672 pretio,

1688 2685 1959 2749 glandibus
1991 2688 2089 2737 viz.
2128 2688 2289 2752 pyris,
2324 2687 2553 2750 pomisve
2576 2700 2745 2738 mares

1688 2761 1787 2812 sibi
1804 2761 2035 2812 foeminas
2056 2761 2427 2828 conciliarunt)
2448 2764 2743 2813 utebantur.

1690 2852 1788 2887 vsa.
1806 2841 1857 2888 9.
1894 2839 2087 2888 Creech.

1751 2917 1850 2964 924
1880 2915 2086 2974 Durius,
2116 2920 2172 2964 ut
2214 2915 2387 2974 decuit,
2422 2914 2575 2964 Tenus
2616 2915 2745 2976 quod

1686 2993 1807 3040 dura
1839 2990 2060 3052 creasset]
2090 2991 2181 3043 Sic
2218 2990 2329 3041 fere
2352 2992 2501 3053 Virg.
2540 2990 2743 3054 Georg.

1690 3071 1738 3116 1.
1771 3071 1852 3115 63.
1886 3068 1903 3096 ⁸
1924 3065 2077 3116 Unde
2118 3067 2349 3117 homines
2390 3068 2519 3129 nati,
2556 3066 2745 3118 durum

1686 3143 1886 3206 genus?
1918 3144 2084 3194 Lumb.

1751 3223 1850 3269 928
1884 3221 1986 3269 Νσσ
2014 3220 2134 3284 labi]
2177 3220 2225 3270 1.
2259 3234 2307 3270 e.
2352 3235 2449 3271 nec
2490 3219 2649 3280 labe3
2680 3226 2745 3269 nt

1688 3294 1813 3344 alibi
1865 3295 2069 3359 ‘parti,'
2122 3298 2139 3325 ⁸
2158 3295 2402 3360 conmgi,'
2456 3296 2637 3360 ‘voci,'
2680 3303 2743 3348 et

1683 3371 1845 3422 multa
1866 3372 1988 3434 alia,
2010 3385 2104 3436 pro
2124 3379 2297 3436 parte,
2318 3379 2561 3436 contage,
2594 3387 2747 3433 voce,

1682 3449 1781 3497 διο.
1804 3448 1975 3498 Lamb-
2042 3449 2184 3512 Labi,
2208 3449 2367 3511 Labe,
2397 3451 2416 3480 ⁸
2436 3449 2575 3513 parti
2590 3447 2607 3472 ’
2641 3462 2741 3512 pro

1682 3525 1967 3584 parte,&c.
1988 3524 2195 3586 passim.
2228 3524 2401 3578 Faber.

1746 3601 1843 3647 930
1892 3599 2051 3650 Vitam
2088 3600 2383 3664 vastabunt]
2431 3600 2475 3650 1.
2496 3614 2543 3650 e.
2575 3600 2741 3650 vitam

1681 3673 1973 3735 trahebant,
2004 3689 2097 3724 seu
2138 3675 2501 3726 traducebant.
2530 3675 2738 3740 quidam

1678 3753 1855 3800 tamen
1892 3750 2165 3814 legendum
2209 3758 2399 3815 putant
2436 3750 2697 3802 tolerabant
2718 3767 2737 3800 .·

1678 3824 1863 3888 quibus
1898 3827 2267 3890 propemodum
2290 3828 2563 3878 assentior.
2628 3827 2737 3878 Ve-

1678 3907 1961 3958 rnmtamen
1974 3902 2098 3951 nibil
2112 3911 2312 3952 mutare
2330 3904 2509 3954 ausim.
2532 3902 2695 3952 Lucil».

1738 3979 1841 4027 932
1870 3977 2115 4040 Maur-ier]
2148 3979 2325 4030 Moliri
2342 3979 2558 4029 dicimur
2589 3979 2737 4042 quid-

540 4041 768 4105 procedit,
800 4046 849 4091 et
869 4043 1042 4105 omnia,
1063 4045 1148 4107 ⁸5⁶·
1179 4045 1361 4095 Lamb.
1415 4045 1513 4096 Sed
1530 4046 1602 4096 sic
1674 4052 1799 4118 quid
1822 4066 1937 4102 cnm
1953 4054 2138 4104 labore
2150 4055 2387 4116 facimus,
2402 4063 2495 4106 aut
2505 4056 2701 4120 agimus
2716 4073 2733 4106 ε

527 4117 744 4180 ‚quidque
773 4133 874 4182 suo,
905 4123 988 4182 &¹⁶-
1019 4121 1197 4172 omnia.
1261 4122 1346 4172 Ita
1377 4124 1599 4177 restitui.

1676 4129 1693 4157 ⁸
1719 4128 1917 4179 moliri’
1940 4129 2101 4193 igitur
2121 4131 2137 4158 ⁸
2162 4131 2310 4182 arva’
2341 4132 2579 4182 hocloco
2602 4131 2737 4194 posi·

539 4193 608 4244 In
654 4194 944 4245 veteribus:
976 4212 1182 4262 queque,
1226 4213 1396 4251 omes.
1461 4199 1600 4249 Vide
1675 4210 1785 4254 tum
1822 4211 1902 4254 est
1939 4220 2033 4270 pro
2064 4220 2145 4268 eo,
2176 4206 2317 4270 quod
2348 4213 2431 4255 est
2464 4221 2615 4269 agros
2648 4221 2737 4256 co-

541 4274 590 4323 2.
633 4274 747 4322 ⁷18.
787 4277 843 4324 et
877 4275 991 4324 908.
1035 4279 1090 4323 et
1127 4273 1219 4324 inf.
1264 4275 1366 4328 hoc
1403 4275 1497 4328 lib.
1517 4290 1596 4328 vs.
1672 4281 1803 4344 lere,
1822 4295 1913 4332 seu
1945 4296 2013 4333 ex
2046 4283 2243 4348 campis
2276 4288 2334 4334 et
2364 4283 2489 4334 locis
2520 4281 2736 4334 inarstis
