3200 4959
550 387 735 456 1466

560 554 623 597 nt
642 547 713 598 sit
741 544 1092 610 participium,
1122 545 1237 596 fieri
1268 561 1371 596 non
1405 553 1579 611 potest
1596 561 1614 596 ι

556 637 681 672 nam
703 622 1029 687 participium
1048 623 1303 686 passivum
1328 623 1343 654 ‘
1364 623 1618 684 adbaesus,

562 713 613 760 a,
648 696 771 760 nm,'
816 713 851 747 a
889 698 1049 748 verbo
1090 697 1331 748 sdhaereo
1365 697 1619 759 absoluto,

560 788 731 836 neque
770 773 1027 837 reperitur
1058 773 1111 822 in
1144 780 1253 822 tota
1284 773 1485 835 Lingua
1516 772 1616 820 La·

558 849 691 911 tina,
734 863 903 913 neque
938 847 1165 898 formari
1208 853 1395 911 potest.
1460 844 1617 898 Quod

564 923 1078 976 enim-Grammatici
1115 929 1317 986 notant,
1356 923 1618 974 interdum

561 999 844 1064 participia
878 1014 1016 1061 pass.
1054 997 1309 1048 formasse.
1337 1002 1543 1047 veteres
1585 1013 1620 1048 a

563 1075 737 1126 verbis
760 1075 959 1125 neutris
977 1075 1366 1135 ant.absolutis;
1402 1088 1482 1137 ea,
1502 1088 1620 1123 cnm

565 1164 685 1200 rnra
726 1152 848 1212 sint,
890 1151 1128 1214 exemplo
1173 1151 1319 1200 nobis
1364 1164 1477 1199 esse
1516 1165 1622 1200 non

564 1227 775 1278 debent.
807 1227 975 1278 Lamo.
1038 1227 1209 1291 Adfigi
1230 1229 1486 1278 ιιάΙιωιιιιιι.
1532 1228 1622 1277 Sic

562 1300 790 1364 restitui,
844 1301 1154 1364 conjectura
1210 1301 1417 1351 ductus.
1483 1302 1622 1351 Vide

566 1392 685 1440 sup.
709 1382 756 1426 1.
776 1381 892 1427 210.
912 1385 969 1426 et
989 1377 1256 1428 Iudicem.
1276 1379 1292 1406 ‘
1315 1374 1621 1441 Adfiger03’

566 1458 626 1546 nt
647 1452 729 1502 hic
751 1453 960 1515 vulgati.
995 1451 1165 1511 Gifon.

584 1532 763 1578 1236
792 1528 871 1578 Ab
890 1527 1019 1590 ortu]
1046 1528 1139 1581 Sic
1165 1528 1441 1591 legendnm
1474 1542 1627 1591 sepa·

564 1604 741 1665 ratim,
780 1616 884 1651 non
914 1602 1088 1650 obortu
1124 1604 1419 1666 conjuncte,
1456 1609 1511 1654 et
1548 1605 1626 1654 ita

564 1678 761 1730 habent
781 1676 901 1726 libri
922 1691 1180 1726 manuscr.
1214 1679 1382 1729 Lumb-

570 1787 577 1798 .
634 1755 763 1802 1239
794 1753 963 1816 Locos]
994 1753 1083 1802 Sic
1096 1751 1235 1802 τόποι
1248 1755 1385 1817 apud
1408 1754 1627 1806 Aristot.

568 1827 707 1884 Hist.
748 1827 851 1878 An.
862 1832 933 1879 7.
964 1831 1013 1877 3.
1056 1828 1243 1882 Cicero
1275 1829 1398 1879 item
1432 1830 1628 1893 simpli-

568 1906 745 1958 citer
736 1904 753 1931 ‘
776 1902 950 1967 locos,'
986 1904 1157 1956 Varro
1202 1905 1218 1932 ‘
1242 1906 1407 1956 Locos
1449 1906 1628 1996 mulie-

572 1978 726 2033 bres!
763 1978 956 2030 Creeelt.

568 2088 575 2098 ·
637 2054 742 2108 Aut
760 2055 1078 2118 penetratum]
1112 2053 1177 2104 In
1202 2054 1371 2118 prima
1396 2055 1630 2107 editione

570 2130 879 2195 scripseram
912 2131 1191 2194 penetratis,
1222 2131 1426 2194 rejecta
1470 2132 1630 2196 scrip·

572 2214 692 2257 tura
722 2207 864 2269 vulg.
904 2211 1223 2268 penetratum,
1264 2207 1559 2258 admonitus
1600 2221 1634 2256 a

572 2280 693 2331 cod.
713 2281 889 2331 Vatic.
904 2281 957 2330 in
980 2296 1083 2345 quo
1099 2283 1347 2343 scriptum
1370 2288 1483 2331 erat
1495 2297 1634 2344 pene·

571 2355 711 2412 παὶ.
745 2355 949 2404 Deinde
961 2356 1075 2406 lioec
1090 2355 1387 2418 adjeceram
1402 2357 1455 2405 in
1476 2359 1631 2408 Scho-

572 2431 689 2481 liis:
740 2431 809 2480 Et
846 2443 989 2492 vero,
1024 2438 1081 2479 nt
1115 2431 1375 2493 penetratis
1407 2432 1631 2495 legatur,

576 2506 713 2556 ratio
749 2512 807 2556 et
839 2505 1034 2555 veritas
1067 2508 1349 2569 postulant.
1370 2509 1636 2569 penetratis

574 2579 841 2634 subintell.
861 2579 1004 2630 locis.
1026 2581 1123 2629 nisi
1144 2578 1256 2644 quis
1277 2581 1418 2631 dicat
1441 2584 1458 2612 ‘
1475 2597 1633 2647 pene-

578 2654 1245 2718 tratum'.significationem
1284 2657 1479 2707 babere
1513 2658 1634 2722 ἐνερ-

576 2731 796 2796 γητικὴν,
827 2740 883 2784 et
915 2735 1139 2797 positum
1174 2751 1268 2799 pro
1291 2750 1355 2784 eo
1376 2737 1511 2801 quod
1536 2743 1638 2800 est,

576 2824 695 2860 cum
717 2812 1042 2874 penetravit:
1078 2813 1227 2875 cujus
1250 2813 1389 2861 modi
1423 2812 1637 2876 partici-

574 2885 664 2951 pia
684 2892 825 2947 sunt,
845 2889 862 2916 ⁶
877 2888 1111 2949 juratus,'
1132 2890 1147 2916 ‘
1169 2887 1423 2950 pransus,'
1445 2889 1461 2916 ‘
1480 2901 1634 2938 cena-

575 2961 699 3025 tus,’-
720 2964 819 3012 &c.
842 2967 898 3011 et
918 2962 993 3011 ita
1024 2976 1138 3024 sup.
1172 2965 1285 3011 674.
1346 2963 1360 2990 ⁴
1386 2963 1518 3013 Quae
1546 2976 1638 3023 pe-

576 3043 789 3091 netrata
833 3044 1031 3103 queunt
1073 3052 1275 3086 sensum
1324 3038 1636 3102 progignere

577 3113 855 3164 acerbum-⁹
919 3113 1107 3178 Itaque
1144 3113 1198 3162 in
1242 3127 1352 3163 sec.
1388 3113 1636 3172 editione,

573 3196 779 3252 mutata
820 3191 1100 3252 sententia,
1140 3195 1435 3252 penetratum
1468 3191 1636 3254 (quod

577 3274 751 3316 tomen
771 3266 824 3315 in
848 3267 1012 3331 prima
1028 3279 1129 3316 non
1148 3268 1301 3330 plane
1321 3267 1637 3330 damnatam,
1680 3271 1687 3277 '

578 3349 641 3392 nt
660 3342 953 3405 intelligere
989 3342 1115 3392 licet
1146 3356 1211 3390 ex
1243 3343 1305 3390 iis
1340 3357 1455 3406 qum
1479 3357 1640 3407 supra

576 3422 976 3468 commemorata
1018 3416 1168 3477 sunt)
1200 3418 1422 3480 reposui.
1488 3417 1638 3466 Idem

578 3491 735 3545 etiam
778 3491 863 3541 hic
904 3505 1127 3555 sequor:
1176 3498 1238 3541 ut
1276 3493 1642 3556 intelligamus,

580 3581 695 3618 esse
738 3565 1046 3630 ἐνεργητικόν.
1107 3567 1273 3616 Lamb.
1337 3566 1426 3615 Ita
1464 3581 1640 3616 omues

581 3650 788 3694 veteres
840 3642 986 3703 fere;
1042 3643 1345 3692 rectissime.
1434 3643 1639 3694 Lambi-

580 3733 709 3770 nns‘:
740 3718 1021 3781 penetratis.
1056 3717 1231 3768 Gifan.

648 3796 774 3844 1241
814 3793 941 3842 Nam
976 3794 1177 3842 multum
1208 3795 1464 3845 hemonia
1492 3795 1642 3848 Vene-

579 3869 674 3932 ris]
723 3869 917 3931 Docet,
956 3869 1082 3919 alios
1114 3873 1249 3920 viros
1282 3871 1395 3922 eliis
1418 3871 1642 3924 faminis

583 3945 649 3996 ad
694 3944 1104 4009 procreationem
1140 3945 1417 3997 liberorum
1449 3962 1642 3998 conve

583 4021 719 4070 nire.
780 4020 971 4085 Itaque
1006 4021 1223 4070 multum
1256 4023 1508 4073 interesse
1550 4027 1642 4089 qni

582 4097 665 4148 vir
694 4109 809 4145 cnm
839 4111 941 4160 qna
974 4094 1188 4148 muliere
1210 4100 1535 4151 matrimonio
1554 4116 1644 4152 co-

582 4171 812 4235 puletur,
846 4178 904 4221 et
946 4172 1156 4235 nuptias
1196 4175 1488 4225 contrahat.
1527 4176 1642 4226 liar-

582 4245 769 4314 Μία,
791 4245 823 4298 i.
847 4259 893 4295 e.
916 4247 1307 4300 convenientiae.
1342 4249 1508 4304 Ιιιιιιιῠ.
1554 4251 1642 4304 In·

1154 443 1161 450 .
1248 402 1465 454 1101*AE
1511 400 1912 453 vAmoltuM
1961 401 2040 452 ΙΝ

1689 544 1866 608 tellige
1883 543 2286 608 temperamenti
2309 539 2752 608 convenientiam,

1690 619 2004 682 συναρμογήν.
2067 621 2231 670 lacus
2263 619 2528 682 Epicratis
2562 620 2614 668 in
2636 621 2750 669 An·

1693 696 1873 746 tilaide
1905 695 2043 758 apud
2079 693 2408 756 Athenaion,
2439 709 2594 759 qnem
2615 696 2752 745 citat

1691 768 1952 826 Gifanins,
1973 769 2039 819 ad
2060 770 2424 830 huncyersum
2455 771 2581 819 nihil
2601 771 2750 835 qnid-

1693 857 1846 910 quam
1863 844 2009 894 facit.
2064 846 2193 895 Cum
2213 846 2352 896 enim
2375 846 2442 895 de
2459 845 2620 896 Laide
2633 847 2749 909 jam

1694 921 1865 970 vetula
1886 921 2098 984 loquens
2130 920 2405 984 Epicrates
2437 921 2639 982 scribit,
2656 921 2752 972 τὰς

1693 993 1910 1059 &moriar
1941 1013 1998 1044 τι
2041 997 2253 1060 διαχαλᾷ
2281 997 2368 1046 τοῦ
2403 995 2637 1060 πόματος,
2675 997 2750 1047 ibi

1695 1070 1744 1119 el
1763 1069 1971 1133 ἁρμονίαι
1988 1071 2116 1120 nibil
2134 1072 2274 1121 aliud
2297 1078 2416 1122 sunt
2429 1085 2580 1137 quam
2595 1074 2751 1136 junc-

1697 1154 1827 1197 tnroe
1849 1153 1905 1197 et
1923 1146 2129 1197 articuli
2157 1147 2408 1211 corporis.
2472 1148 2660 1213 Itaque
2683 1148 2752 1198 ri·

1696 1234 1806 1270 snm
1829 1220 1990 1271 debet
2002 1221 2195 1271 Thraso
2211 1221 2592 1284 Lambinianns,
2613 1221 2752 1288 quod

1698 1298 1746 1347 ei
1782 1299 1938 1348 toties
1975 1299 2176 1360 evenit,
2208 1299 2412 1362 quoties
2453 1299 2662 1360 Graeca,
2699 1299 2755 1351 in

1699 1374 1880 1438 quibus
1899 1373 2314 1437 imperitissimus
2337 1380 2470 1436 erat,
2492 1374 2657 1423 voluit
2677 1381 2754 1424 at.

1700 1451 1932 1514 tingere3
1977 1449 2116 1514 quod
2149 1449 2320 1500 Index
2349 1449 2566 1500 hominis
2601 1448 2756 1502 facile

1699 1524 1964 1575 ostendat.
2003 1524 2175 1574 Faber.

1766 1602 1893 1648 1243
1931 1599 2142 1662 Pondus]
2175 1597 2326 1650 Uter-i
2347 1597 2582 1663 pondus».
2599 1597 2758 1650 fietus

1701 1681 1799 1724 est.
1836 1674 2010 1724 Faber.

1768 1751 1895 1798 1244
1927 1747 2206 1811 Hymenoeis
2237 1753 2349 1798 ante
2368 1747 2572 1808 Ιιιεπιιιι
2593 1749 2760 1799 Pluri-

1703 1823 1812 1886 bus]
1844 1824 2032 1873 Multae
2067 1823 2299 1886 pluribus
2331 1824 2630 1887 hymenoeis,
2649 1825 2685 1874 i.
2707 1839 2759 1876 e.

1705 1898 1936 1962 pluribus
1973 1900 2191 1962 nuptiis,
2221 1905 2378 1948 antea
2411 1899 2615 1949 steriles
2648 1897 2760 1948 fue·

1613 1997 1626 2010 ·
1705 1979 2034 2038 rung-neque
2067 1989 2133 2022 ex
2171 1974 2292 2023 viris
2315 1974 2552 2038 pluribus
2571 1975 2759 2026 liberos

1707 2051 1969 2113 suscipere
1993 2057 2295 2113 potnerunt,
2311 2054 2409 2100 διο.
2442 2050 2610 2100 Lamo.

1774 2129 1902 2176 1245
1939 2127 2010 2176 Et
2030 2131 2184 2176 κασία
2197 2132 2430 2190 ponunt
2443 2129 2621 2191 ιιιιιιαιῇ
2650 2127 2696 2178 1.
2713 2141 2764 2180 e·

1707 2206 1764 2251 et
1795 2207 1968 2251 tamen
1991 2209 2172 2265 postea
2191 2201 2319 2252 alias
2349 2202 2552 2267 nuptias
2571 2208 2767 2268 nsctae,

1708 2285 1764 2329 et
1785 2280 1871 2328 alii
1894 2281 2004 2330 viro
2021 2281 2224 2344 juncto
2257 2287 2398 2340 sunt,
2415 2280 2553 2330 nude
2573 2279 2767 2330 liberos

1709 2357 1974 2419 suscipere
2011 2363 2069 2406 et
2105 2355 2358 2406 faecundae
2386 2370 2498 2407 esse
2536 2364 2766 2419 possent.

1712 2433 1870 2486 Hunc
1913 2434 2084 2483 locum
2133 2433 2294 2498 (absit
2338 2433 2497 2485 verbo
2551 2431 2770 2495 invidia)

1711 2522 1837 2558 sane
1869 2505 2114 2571 εὐπόκοις
2145 2509 2370 2572 restitui,
2405 2507 2608 2558 modice
2627 2524 2660 2558 a
2681 2523 2768 2558 ve-

1709 2583 1904 2653 teribus
1927 2583 2196 2634 codicibus
2219 2583 2446 2646 adiutus,
2475 2596 2594 2632 cum
2615 2589 2770 2632 antea

1709 2657 1761 2706 in
1785 2659 1883 2706 hoc
1906 2659 2026 2708 loco
2049 2673 2258 2722 semper
2279 2658 2557 2708 haesissem.
2581 2658 2770 2722 partim

1711 2739 1992 2796 propterea
2011 2734 2148 2797 quod
2172 2734 2506 2798 participium
2527 2739 2677 2782 noetoe
2698 2733 2772 2784 in·

1711 2810 1944 2858 solenter
1978 2810 2102 2859 mibi
2143 2824 2240 2874 per
2281 2823 2339 2858 se
2371 2811 2594 2872 positum
2627 2809 2770 2862 vide·

1709 2884 1884 2946 batur,
1907 2885 2095 2948 partim
2120 2890 2336 2949 propter
2355 2885 2590 2948 ineptam
2623 2898 2770 2948 repe-

1713 2960 1950 3014 titionem
1996 2962 2139 3011 verbi
2178 2966 2390 3025 possunt.
2443 2962 2572 3010 Cum
2613 2961 2772 3022 igitur

1711 3038 2020 3099 reperissem
2044 3038 2295 3100 scriptum
2331 3037 2387 3086 in
2421 3038 2536 3086 aliis
2576 3037 2771 3087 codici-

1714 3111 1810 3161 bus
1834 3111 2096 3162 veteribus
2117 3118 2166 3162 et
2199 3117 2352 3164 anem
2381 3118 2598 3178 possunt,
2612 3115 2698 3175 ᾴε.
2719 3113 2772 3165 in

1710 3189 1842 3250 aliis,
1861 3194 1908 3239 et
1929 3194 2056 3240 natoe
2065 3195 2261 3253 possim
2281 3195 2437 3240 tamen
2457 3193 2580 3240 unde
2597 3190 2774 3253 puellos

1714 3265 1982 3330 Suscipere,
2021 3271 2072 3316 et
2107 3271 2256 3329 partu
2309 3271 2496 3330 possent
2549 3267 2774 3318 ditescere

1711 3344 1868 3401 dulci,-
1898 3343 1977 3394 sic
1999 3342 2668 3407 restitni,quemadmodnm
2685 3357 2775 3392 ex·

1713 3419 2008 3471 cudendum
2031 3420 2230 3481 curavi,
2261 3425 2306 3469 et
2339 3424 2494 3470 nnete
2517 3425 2628 3484 post
2659 3424 2770 3470 uae

1713 3499 1888 3559 tamen,
1905 3496 2046 3556 unde,
2061 3497 2144 3558 ἅμ’.
2163 3509 2280 3558 quae
2313 3494 2774 3558 lectio‘perspicue

1714 3584 1840 3620 vera
1875 3576 1934 3619 et
1967 3575 2116 3619 recta
2151 3575 2262 3620 est:
2295 3584 2414 3620 nam
2452 3570 2650 3634 vulgati
2681 3570 2772 3620 lia·

1715 3645 1844 3696 beut
1873 3652 2074 3709 possunt
2104 3651 2262 3696 tamea
2299 3647 2426 3707 inde,
2459 3649 2544 3710 qe.
2589 3646 2772 3700 Lamb-

1714 3721 1938 3784 Egregie
1984 3721 2281 3772 Lambinus.
2367 3723 2528 3786 Vulg.
2575 3726 2774 3786 possum

1713 3799 1871 3844 tamen
1903 3794 2030 3846 inde.
2094 3794 2184 3846 Ita
2226 3794 2322 3846 inf.
2364 3795 2496 3861 fere,
2535 3801 2588 3846 6.
2629 3801 2776 3850 1194.

1719 3871 1890 3932 Git‘aent.

1777 3945 1994 4007 Puellae]
2026 3946 2089 3996 In
2109 3946 2240 3997 bac
2228 3962 2344 4010 ipsa
2361 3962 2490 3998 voce
2515 3948 2774 4014 ‘'pue-llos

1715 4011 1918 4088 profert
1931 4023 2067 4072 hunc
2085 4036 2284 4072 versum
2305 4023 2534 4074 Nonius.
2571 4030 2626 4074 et
2641 4037 2778 4088 pra

1715 4105 1864 4148 terea
1885 4098 2172 4149 Ennianum
2203 4100 2367 4161 illum,
2387 4114 2442 4162 p.
2465 4104 2548 4150 28.
2615 4100 2774 4164 ‘Ipse

1715 4189 1832 4226 snos
1869 4175 2019 4227 Divis
2057 4190 2168 4227 mos
2207 4175 2502 4226 sacrificare
2523 4177 2774 4240 pnellos·'
2739 4213 2754 4226 .

1718 4257 1774 4304 et
1817 4249 2046 4317 Lucillii,
2091 4252 2106 4279 ‘
2131 4252 2362 4317 Cumque
2403 4251 2486 4302 hic
2531 4259 2636 4304 tam
2670 4249 2776 4306 for·
