3200 4959
586 375 763 444 1462

590 537 793 601 ιπιοω]
818 537 877 590 si
904 538 1130 601 legemus
1164 543 1445 601 retractant,
1472 539 1646 588 subin-

592 617 861 680 telligetur
904 629 1188 678 pronomen
1242 617 1258 643 ‘
1279 615 1402 677 ins:
1455 629 1644 678 nempe

594 690 851 752 animalia,
870 690 968 741 hoc
990 691 1173 740 modo:
1199 697 1255 740 et
1277 691 1515 740 animalia
1538 691 1646 752 ills,

592 767 658 815 de
682 779 871 830 genere
893 765 1232 829 flemmarum,
1256 766 1515 814 Venerem
1538 779 1645 813 ma-

593 842 725 890 rium
788 842 1081 891 salientium
1134 849 1292 905 utque
1337 842 1646 890 irruentium

592 917 719 972 laeta
752 917 977 967 vicissim
1013 924 1067 967 et
1102 933 1198 980 pro
1228 932 1321 966 sua
1344 926 1491 980 parte
1512 925 1648 966 trac·

593 999 728 1055 tant,
750 993 784 1043 i.
806 1009 854 1043 e.
874 994 1098 1043 maribus
1134 995 1187 1042 in
1223 993 1477 1042 Venerem
1499 1007 1649 1040 ruen-

593 1069 733 1117 tibus
773 1068 973 1132 pariter
1010 1075 1066 1117 et
1093 1075 1274 1116 mutuo
1297 1067 1645 1130 respondent:

594 1159 695 1192 uua
718 1159 833 1194 cum
858 1144 1083 1194 maribus
1108 1145 1429 1207 voluptatem
1451 1145 1525 1191 rei
1550 1145 1650 1190 Ve-

592 1233 767 1268 nerem
792 1225 1045 1269 tractant:
1071 1221 1148 1268 sin
1165 1223 1527 1283 retractat,quo
1542 1233 1650 1266 mo·

596 1295 665 1344 do
688 1294 771 1344 hic
794 1295 877 1352 edi
893 1295 1045 1358 jussi,
1070 1294 1511 1356 subintelligemus
1534 1295 1547 1320 ‘
1562 1307 1650 1342 na·

595 1379 713 1420 tura
742 1371 946 1420 illorum
976 1369 1307 1419 animalium!
1364 1369 1545 1434 Utitur
1563 1383 1651 1429 suff

596 1451 704 1496 tem
726 1447 909 1496 eodem
932 1446 1175 1510 loquendi
1198 1459 1389 1508 genere
1412 1443 1505 1492 inf.
1531 1445 1650 1492 eod.

594 1522 687 1571 lib.
714 1526 860 1572 1265.
891 1523 907 1549 ‘
929 1522 1183 1572 clunibus
1213 1521 1326 1584 ipsa
1358 1520 1451 1568 viri
1482 1521 1652 1567 Vene-

593 1613 706 1648 rem
750 1598 795 1646 si
828 1597 949 1646 laeta
980 1595 1262 1647 retractet!
1294 1596 1459 1645 Lamb.
1524 1593 1652 1642 Sau-

592 1679 771 1730 ,entem-
810 1673 1035 1725 Quidam
1069 1671 1487 1732 Mss.sallentum,
1517 1669 1652 1734 quod

601 1763 695 1797 suo
712 1762 866 1798 sensu
891 1755 946 1798 et
968 1748 1203 1799 acumine
1220 1763 1323 1796 non
1344 1754 1509 1808 caret,
1526 1754 1654 1809 puto

597 1830 769 1878 tamen
814 1832 986 1874 nutam
1028 1825 1309 1874 lectionem
1354 1824 1474 1872 inde
1516 1823 1653 1886 quod

598 1914 740 1963 saepe
763 1899 817 1948 iu
840 1901 965 1950 Mss.
985 1901 1059 1949 ita
1080 1901 1233 1962 longe
1255 1898 1518 1948 invenitur
1540 1899 1655 1946 lite·-

598 1989 657 2029 ,τε
677 1977 698 2023 i
719 1977 865 2040 qussi
887 1990 980 2039 pro
1005 1979 1022 2024 l
1045 1976 1115 2024 sit
1136 1975 1458 2038 accipienda,
1476 1981 1537 2022 ut
1560 1989 1656 2022 sae·

599 2052 807 2116 pissime
823 2052 926 2100 vidi
946 2053 999 2100 iu
1018 2052 1166 2118 L.·B.
1199 2051 1333 2100 Han.

666 2131 792 2178 1195
833 2128 901 2177 Ut
922 2126 1179 2189 invinclis]
1226 2127 1465 2176 Fortasse
1488 2129 1660 2190 legeu-

602 2203 723 2252 dum
742 2202 815 2251 uti
834 2204 1024 2265 vinclis,
1043 2204 1125 2264 ἆγε.
1160 2203 1336 2250 Lamb.

666 2281 797 2327 1196
830 2279 892 2326 In
908 2279 1068 2326 triviis
1089 2291 1181 2326 non
1201 2292 1323 2339 περι
1344 2275 1503 2338 canes]
1566 2276 1659 2325 Se·

601 2359 757 2404 cutus
780 2369 893 2404 sum
916 2355 1037 2404 olim
1070 2354 1160 2403 lib.
1196 2356 1432 2418 vulgatos
1459 2356 1510 2402 iu
1550 2355 1661 2418 qui·

599 2428 699 2478 bus
742 2435 840 2489 est,
878 2430 991 2491 quin
1030 2443 1153 2490 περι
1189 2443 1341 2476 canes.
1426 2429 1563 2477 Nam
1606 2428 1660 2476 in

600 2518 863 2554 manuscr.
902 2504 1151 2567 scriptum
1174 2509 1272 2566 est,
1296 2503 1356 2551 In
1378 2503 1538 2552 triviis
1558 2519 1662 2552 cum

599 2593 724 2641 δορα
745 2592 900 2638 canes,
922 2581 1004 2639 ξε.
1043 2579 1094 2626 iu
1119 2577 1447 2641 quibusdam,
1473 2578 1533 2625 In
1568 2579 1660 2625 tri-

600 2654 803 2703 viiseon
837 2668 991 2716 saepe:
1025 2653 1161 2701 unde
1202 2666 1335 2702 nunc
1380 2652 1531 2714 facio,
1567 2667 1661 2702 non

598 2745 722 2794 προ
742 2745 895 2790 canes,
913 2734 995 2794 85⁶.
1030 2731 1127 2780 hac
1148 2732 1433 2780 sententia:
1473 2733 1660 2780 Nonne

600 2821 741 2870 saepe
763 2820 918 2856 canes
935 2807 987 2855 in
1012 2807 1179 2856 triviis
1212 2807 1482 2856 discedere
1514 2807 1662 2869 cupi-

600 2890 771 2941 entes,
807 2883 1019 2945 diversi,
1069 2885 1169 2932 hoc
1213 2891 1295 2932 est
1338 2884 1388 2931 iu
1432 2883 1660 2932 diversas

601 2957 817 3021 parteis,
850 2957 1059 3005 summis
1083 2957 1281 3006 viribus
1302 2958 1657 3006 contendunt?

600 3044 717 3095 quae
756 3032 1019 3094 scriptura
1065 3039 1211 3080 recta
1263 3038 1359 3081 est.
1426 3032 1559 3082 Nam
1600 3039 1657 3081 et

598 3109 731 3172 φιὶτι,
751 3109 889 3173 quod
912 3109 1107 3158 habent
1126 3110 1220 3159 lib.
1254 3111 1394 3173 vulg.
1417 3110 1660 3173 rejicien-

602 3187 721 3234 dum
743 3202 759 3235 ι
791 3192 985 3248 etcum,
1006 3201 1097 3234 seu
1116 3201 1269 3249 quom,
1293 3195 1508 3250 propter
1528 3187 1660 3236 alte-

600 3275 713 3310 rum
769 3278 895 3325 eum,
950 3263 1089 3325 quod
1140 3263 1371 3324 proxime
1408 3263 1665 3325 sequitur,

598 3336 727 3386 ferri
752 3352 850 3389 uon
884 3345 1079 3400 potest.
1118 3339 1237 3388 Jam
1258 3338 1395 3401 quod
1420 3339 1484 3388 ad
1509 3340 1660 3402 hujus

598 3413 705 3460 loci
758 3412 1069 3462 emendandi
1137 3415 1384 3462 rationem
1450 3415 1663 3478 attinet,

606 3501 748 3551 saepe
770 3488 883 3550 jam
920 3487 1183 3549 admonui,
1216 3503 1301 3537 con
1352 3502 1417 3535 ex
1452 3503 1567 3549 non,
1607 3497 1661 3537 et

602 3571 804 3625 contra,
824 3579 913 3612 non
933 3578 997 3612 ex
1020 3579 1125 3622 eon,
1148 3579 1180 3612 a
1197 3563 1530 3612 librariisillis
1554 3563 1662 3612 fac·

604 3647 713 3689 tum
731 3653 859 3689 esse.
894 3639 1061 3687 Lumb.
1127 3640 1189 3687 Iu
1214 3639 1375 3687 triviis
1396 3655 1551 3702 quum.
1576 3640 1662 3690 Ita

600 3721 709 3764 vet.
751 3713 907 3772 libri;
947 3718 1101 3762 recte.
1173 3713 1269 3762 Est
1310 3715 1443 3762 euim
1488 3727 1663 3763 exem·

602 3789 747 3851 plum
787 3801 1023 3836 versuum
1063 3787 1297 3836 illorum:
1332 3789 1553 3837 ‘Nonne
1593 3791 1664 3838 vi·

602 3863 855 3926 des,'&c.
907 3864 1061 3924 Vulg.
1095 3863 1237 3925 quin:
1276 3863 1426 3912 male.
1489 3864 1660 3924 Gifun.

602 3940 798 3990 Melius
822 3953 940 3988 cum
976 3936 1209 3999 Gifanio,
1245 3939 1305 3986 In
1328 3939 1489 3987 triviis
1504 3954 1660 4004 quum.

604 4013 829 4064 Creech.

602 4137 609 4142 ,
671 4091 799 4136 1198
834 4087 1171 4152 Compagibm]
1222 4087 1475 4154 vinculis,
1495 4093 1662 4156 nodis,

604 4164 819 4226 copulis.
851 4163 1015 4212 Lamb.

598 4277 642 4294 .,
672 4242 801 4289 1200
834 4238 954 4296 Qnae
974 4239 1147 4304 lacere]
1191 4240 1281 4291 Sic
1304 4243 1529 4306 reposui,
1553 4244 1662 4294 sola

1298 395 1511 446 No'rAE
1558 396 1961 448 vammum
2008 395 2089 450 m

1718 540 1938 590 veritate
1959 539 2146 591 fretus.
2175 539 2262 590 Sic
2285 554 2399 605 sup.
2420 543 2566 594 11⁸⁹.
2601 542 2618 572 ‘
2639 541 2784 596 Nam

1719 615 1884 664 sitsi-e
1908 617 2081 679 plagas
2115 617 2170 664 in
2200 616 2384 666 amoris
2407 631 2472 666 ne
2495 615 2784 680 laciamur,’

1719 692 1817 738 ὅτε.
1859 691 2009 754 hujus
2039 705 2243 756 quoque
2274 691 2371 741 loci
2393 693 2780 743 restitutionem

1721 766 2040 816 dissimulans
2065 768 2298 830 sequitur
2316 767 2512 829 Zoilus,
2535 768 2612 817 ita
2636 776 2694 817 ut
2711 770 2783 818 sit

1721 843 1818 890 hoc
1843 850 2148 906 perpetuum
2172 844 2224 892 in
2261 843 2378 906 isto,
2402 843 2480 894 καὶ
2493 843 2600 894 τόδε
2624 851 2782 894 Φωκυ-

1721 917 1870 966 λίδου.
1934 918 2098 966 Lamb.
2161 918 2284 967 Vet.
2335 918 2473 980 libri,
2529 925 2586 967 et
2638 919 2782 983 vulg.

1727 991 2036 1053 Quoejacere.
2068 993 2182 1042 Gif.

1791 1070 1918 1115 1202
1971 1069 2041 1116 Et
2089 1067 2418 1118 commiscendo
2459 1083 2564 1118 cum
2600 1068 2783 1132 semen]

1725 1142 1879 1192 Nunc
1925 1157 2161 1205 qussi-ete
2203 1143 2408 1206 incipit,
2446 1143 2780 1208 quamobrem

1724 1216 1817 1266 filii
1839 1218 2070 1286 patribus
2092 1233 2153 1268 ae
2177 1219 2426 1268 matribus
2447 1219 2639 1268 similes
2655 1219 2784 1280 siut,

1725 1302 1815 1343 aut
1858 1293 2149 1343 dissimiles.
2205 1294 2534 1344 commiscendo
2589 1301 2784 1355 nutem,

1726 1369 1763 1418 i.
1805 1382 1852 1418 e.
1908 1370 2044 1418 iuter
2093 1369 2548 1430 commiscendum,
2596 1382 2705 1422 seu,
2728 1368 2784 1416 in

1725 1445 2080 1498 commistione
2115 1445 2288 1494 viriet
2306 1443 2564 1508 foeminoe3
2593 1458 2691 1508 qus
2711 1445 2781 1494 de

1726 1533 1782 1572 re
1807 1520 1957 1582 plura
1979 1519 2280 1570 Lactantius
2302 1519 2397 1568 lib.
2417 1519 2484 1570 de
2505 1518 2636 1584 opif.
2660 1520 2788 1569 Dei.

1725 1593 1892 1642 Lamb.
1955 1594 2076 1643 Scio
2111 1595 2278 1645 locum
2317 1595 2456 1644 hunc
2495 1611 2526 1644 a
2562 1596 2786 1660 quodam

1728 1673 1984 1734 tentatum
2013 1683 2149 1732 esse,
2179 1669 2271 1718 sed
2308 1670 2382 1718 nil
2421 1658 2633 1720 neeesse
2668 1669 2788 1721 fuit.

1731 1747 1904 1796 Faber.
1969 1747 2101 1795 Cum
2125 1746 2323 1796 semina
2345 1746 2478 1798 inter
2501 1761 2558 1796 se
2576 1747 2788 1809 permis-

1731 1830 1786 1874 ta
1825 1824 2141 1885 coalescant,
2175 1824 2218 1871 si
2262 1821 2408 1872 virile
2446 1821 2794 1886 superaverit,

1731 1900 1870 1961 patri
1893 1899 2080 1960 ‚similis
2117 1898 2356 1962 provenit
2377 1897 2492 1949 sive
2517 1911 2648 1959 mss,
2677 1897 2787 1946 sive

1731 1974 1973 2036 foemins3
2033 1977 2078 2025 si
2129 1975 2380 2026 muliebre
2433 1975 2791 2039 proevaluerit,

1732 2052 2002 2116 progenies
2036 2053 2287 2116 cujusque
2323 2066 2478 2102 sexus
2513 2052 2582 2100 ad
2612 2052 2790 2114 imagi·

1731 2134 2156 2190 nem-maternam
2180 2128 2480 2192 respondet.
2547 2127 2788 2190 Hineque

1732 2203 2037 2268 plerumque
2074 2203 2188 2252 fieri
2229 2205 2388 2268 solet,
2420 2211 2478 2253 ut
2505 2203 2649 2252 unius
2675 2211 2792 2252 tan·

1733 2285 1840 2328 tum
1867 2281 2178 2330 lineamenta
2197 2281 2556 2344 pretendunt:
2599 2279 2640 2328 si
2665 2293 2792 2332 vero

1734 2369 1880 2420 aequs
1904 2354 2064 2405 fuerit
2102 2370 2166 2404 ex
2203 2356 2313 2419 pari
2349 2354 2546 2404 semine
2577 2354 2790 2417 permis-

1735 2430 1827 2493 tio,
1859 2429 2040 2494 figurae
2071 2445 2274 2495 quoque
2297 2431 2601 2490 miscentur,
2629 2437 2687 2479 ut
2709 2443 2790 2478 so-

1735 2505 1880 2555 boles
1906 2507 1994 2556 illa
2015 2507 2296 2556 communis
2319 2511 2410 2554 sut
2440 2512 2678 2555 neutrum
2710 2520 2792 2555 re-

1736 2579 1872 2632 ferre
1906 2583 2163 2645 videatur,
2200 2583 2320 2646 quia
2354 2588 2520 2632 totum
2539 2597 2605 2631 ex
2626 2584 2792 2632 altero

1736 2672 1836 2706 nou
1873 2659 2062 2719 habet3
2096 2665 2189 2708 aut
2227 2666 2506 2723 utrumque
2537 2658 2656 2723 quis
2678 2672 2793 2720 par-

1736 2739 1843 2781 tem
1866 2733 1932 2783 de
1951 2734 2163 2798 singulis
2198 2739 2439 2783 mutuata
2476 2745 2571 2784 est.
2615 2733 2794 2782 -Quod

1739 2817 1913 2858 nutem
1936 2811 2045 2858 uati
2062 2825 2184 2858 avos
2207 2816 2297 2858 aut
2319 2822 2537 2872 proavos
2562 2808 2793 2872 aliquan·

1738 2884 1804 2932 do
1830 2883 2080 2946 referunt,
2111 2884 2166 2932 id
2205 2884 2284 2947 fit,
2323 2885 2443 2946 quia
2463 2897 2634 2932 semen
2669 2898 2791 2932 con-

1738 2961 1937 3010 texitur
1958 2975 1989 3010 e
2012 2960 2272 3010 moleculis
2296 2959 2540 3024 pluribus,
2554 2973 2667 3020 quae
2688 2971 2794 3006 non

1736 3048 1942 3098 semper
1986 3036 2234 3085 exsolutae
2279 3049 2455 3084 omnes
2492 3033 2558 3082 ad
2597 3042 2794 3084 atomos

1737 3125 1921 3174 usque,
1941 3126 2038 3161 nec
2068 3111 2301 3176 proxime
2335 3112 2473 3174 ipsas
2497 3109 2549 3160 in
2583 3124 2797 3173 genera-

1739 3185 1880 3234 tione
1922 3188 2087 3250 prima
2125 3187 2423 3250 proximave
2460 3186 2651 3250 eliqua,
2680 3201 2794 3235 sese

1739 3261 1988 3324 deinceps
2037 3264 2090 3312 in
2145 3262 2316 3326 aliqua
2370 3261 2792 3326 consequentium

1735 3336 1810 3404 sic
1833 3337 2119 3400 explicant,
2161 3344 2221 3386 ut
2255 3337 2395 3401 quod
2428 3337 2718 3401 potuissent
2740 3337 2800 3384 in

1736 3412 1971 3474 proxima
2004 3412 2058 3460 id
2092 3421 2248 3474 agant
2285 3414 2451 3461 solum
2483 3412 2540 3460 in
2575 3417 2792 3462 remota.

1736 3487 1870 3537 Haec
1906 3502 2006 3537 vss.
2039 3491 2124 3538 24.
2161 3488 2439 3537 Salmasius
2478 3488 2576 3550 Ep.
2613 3491 2695 3537 51.
2715 3488 2791 3556 le-

1736 3564 1833 3626 git,
1871 3565 1937 3612 Et
1969 3566 2302 3614 commiscendo
2321 3580 2424 3614 cum
2437 3565 2630 3623 semine,
2656 3562 2794 3623 sorte

1734 3638 1890 3686 virilis
1908 3638 2120 3688 flemina
2139 3641 2236 3689 vim
2265 3640 2399 3701 vicit,
2425 3640 2582 3689 subita
2616 3640 2666 3694 οἱ
2686 3652 2793 3687 cor-

1733 3712 1985 3775 ripuitque.
2005 3714 2223 3764 Creech.
2275 3716 2508 3765 Tun-nebi
2530 3715 2677 3779 (vide
2700 3729 2793 3764 no·

1735 3794 1841 3836 tam
1867 3789 2194 3855 sequentem)
2233 3793 2600 3855 conjecturam,
2633 3792 2796 3840 etiam

1735 3877 1838 3912 non
1881 3866 2187 3930 inspectam,
2216 3867 2351 3915 ultro
2390 3881 2532 3916 erem
2563 3873 2798 3929 secutus,

1735 3947 1792 3989 et
1815 3955 1968 4004 porro
1986 3954 2198 4004 sequor.
2232 3941 2368 3991 Han.

1802 4021 1928 4066 1203
1967 4018 2179 4066 Faemina
2217 4020 2493 4069 summula-it
2536 4017 2713 4080 uthica,
2743 4019 2796 4068 οἱ

1732 4095 2080 4158 conripuitque]
2140 4097 2269 4146 Cum
2302 4104 2510 4148 secutus
2533 4111 2698 4146 essem
2719 4097 2799 4144 in-

1734 4169 1846 4228 itio,
1869 4170 1965 4220 hoc
2003 4179 2085 4220 est
2117 4171 2169 4220 in
2193 4173 2360 4235 prima
2381 4172 2631 4234 editione,
2654 4173 2795 4223 omni

1734 4259 1800 4294 ex
1823 4253 1974 4310 parte
1999 4246 2155 4297 libros
2171 4249 2310 4314 vulg.
2326 4248 2426 4299 nisi
2443 4250 2583 4316 quod
2600 4250 2798 4313 mul-nit,
