3200 4959
582 417 656 462 T.
706 416 1062 463 nucan'rn
1111 418 1292 465 osai
1348 421 1444 467 ως
1494 420 1763 471 aenum
1812 423 1991 474 Nar.
2038 426 2185 475 ms.
2233 428 2335 476 ιν.
2418 414 2591 481 1389

389 558 584 611 hibent
624 556 754 605 Mss.
810 555 1037 620 accedit,
1093 558 1290 623 longius
1332 574 1457 611 vero

391 636 508 685 abit
535 635 598 683 ab
617 634 800 683 iisdem
821 636 1126 698 torrentibus,
1165 637 1302 701 quod
1326 639 1454 689 alias

390 725 500 759 non
541 710 724 773 inepte
759 710 1032 761 substituit
1074 712 1326 763 Vossius:
1363 728 1451 763 ne-

384 800 488 851 que
514 787 591 835 ita
627 788 898 851 transponi
935 787 1094 838 verba
1131 802 1341 839 necesse
1363 790 1451 839 ba·

381 864 590 923 bemus,
616 872 676 911 ut
705 862 830 912 facit
851 863 1037 927 Faber,
1073 865 1248 927 legens
1279 866 1454 929 gelidis

377 939 518 1003 cycni
537 938 682 1000 certi,
697 937 792 987 sed
817 945 1000 987 contra
1015 939 1324 1001 positionem
1343 955 1453 989 ver-

378 1015 588 1076 borum,
611 1030 728 1079 qnae
755 1014 812 1063 in
850 1014 1088 1065 omnibus
1119 1016 1252 1067 Mss.
1275 1017 1449 1067 obser·

382 1097 556 1140 vatur.
591 1092 727 1139 Hav-

443 1174 538 1219 5⁵1
569 1170 683 1219 Has
699 1169 1062 1235 igitur-penitus
1079 1174 1232 1237 voces]
1249 1173 1448 1225 Vocem

375 1249 513 1299 hanc
535 1261 837 1311 corpoream
872 1263 974 1299 vsa.
1009 1253 1060 1299 4.
1097 1249 1275 1313 lingua
1294 1258 1350 1301 et
1371 1252 1446 1300 la·

376 1324 472 1373 bra
491 1322 720 1373 formant
747 1330 806 1375 et
829 1323 1076 1388 figurant,
1099 1333 1157 1375 et
1179 1325 1304 1376 inde
1327 1341 1444 1377 ver-

377 1400 464 1451 ba.
550 1400 738 1451 Cicero
787 1399 880 1450 lib.
927 1405 978 1451 2.
1034 1400 1102 1452 de
1155 1402 1227 1452 N.
1280 1404 1444 1454 Deor.

379 1478 396 1504 ‘
413 1476 622 1527 Deinde
645 1476 698 1525 in
719 1490 810 1527 ore
833 1476 936 1526 sita
967 1472 1145 1540 lingua
1181 1484 1267 1528 est
1295 1477 1446 1531 finita

380 1554 645 1605 dentibus.
667 1557 748 1607 Ea
767 1570 948 1607 vocem
967 1555 1308 1607 immoderate
1327 1572 1442 1619 pro·

377 1624 550 1679 fusam
589 1630 740 1694 fingit
785 1637 842 1681 et
879 1630 1143 1693 terminat,
1189 1645 1442 1697 sonosque

381 1706 520 1755 vocis
537 1705 810 1755 distinctos
827 1711 884 1756 et
898 1719 1107 1770 pressos
1123 1704 1304 1769 efficit,
1323 1722 1442 1757 cum

383 1791 442 1833 et
465 1782 530 1831 ad
551 1782 740 1833 dentes
771 1788 828 1833 et
856 1783 922 1832 ad
944 1782 1072 1833 alias
1095 1788 1272 1845 partes
1295 1784 1444 1847 pellit

378 1859 502 1909 oris.
563 1859 752 1923 Itaque
773 1858 962 1922 plectri
975 1859 1196 1909 similem
1209 1859 1440 1923 linguam

377 1934 544 1985 nostri
565 1936 737 1987 solent
757 1935 952 1997 dicere,
987 1936 1295 1986 chordarum
1316 1935 1442 1987 den-

333 2026 348 2052 ι’
375 2020 475 2075 tes,
498 2025 650 2061 nares
673 2012 912 2061 cornibus
935 2012 998 2060 iis
1019 2025 1133 2075 quae
1151 2010 1218 2060 ad
1253 2025 1440 2063 nervos

375 2093 632 2139 resonant
653 2086 708 2135 in
731 2085 1002 2135 cantibus.'
1039 2086 1234 2135 Cresca-

439 2168 542 2213 553
574 2162 842 2225 Artis-um]
879 2164 1106 2224 Format,
1127 2161 1320 2225 figurat
1346 2176 1442 2227 per

374 2240 615 2305 quasdam
661 2239 807 2304 quasi
850 2238 1098 2288 membra.
1173 2240 1189 2266 ‘
1227 2236 1439 2289 Articu-

371 2314 512 2366 lata’
570 2329 674 2365 vox
732 2315 1028 2377 explanata,
1085 2312 1325 2375 fonnata,
1379 2321 1436 2364 et

373 2392 626 2456 scriptilis
669 2391 880 2440 dicitnr.
947 2390 1066 2440 Hac
1099 2404 1228 2439 voce
1267 2390 1433 2442 utitur

373 2468 648 2532 Apuleius.
678 2467 821 2517 Pius.

447 2543 706 2593 Vmor-am
725 2543 932 2591 Doedalu
959 2542 1150 2607 Ζὶιιςυα]
1179 2541 1224 2592 1.
1248 2556 1296 2591 e.
1320 2557 1434 2592 ver-

372 2618 553 2667 borum
575 2617 770 2682 opifex,
788 2617 1080 2680 formatrix,
1096 2617 1292 2681 fictrix,
1305 2617 1435 2683 fign-

371 2695 553 2744 tutrix.
599 2696 676 2745 M.
726 2694 860 2743 Tull.
905 2692 970 2741 de
1016 2694 1084 2743 N.
1127 2694 1194 2743 D.
1247 2694 1338 2743 lib.
1381 2698 1433 2745 2.

341 2770 387 2829 ᾖ
411 2770 618 2819 Deinde
641 2770 692 2818 in
715 2784 807 2819 ore
829 2770 932 2819 sita
965 2770 1140 2834 lingna
1169 2778 1270 2833 est,
1287 2770 1436 2821 finita

375 2846 632 2897 dentibus.
662 2848 936 2897 Eavocem
958 2846 1292 2897 immoderate
1315 2862 1436 2911 pro-

371 2921 544 2971 fusam
587 2920 738 2984 fingit
777 2929 832 2971 et
871 2922 1132 2985 terminat,
1183 2936 1434 2987 sonosque

365 2998 518 3048 vocis
537 2998 812 3047 distinctos
831 3004 887 3047 et
911 3012 1111 3061 pressos
1127 2995 1300 3060 efficit,
1316 3013 1434 3048 cum

367 3081 430 3123 et
472 3074 540 3137 ad
595 3073 822 3135 denteis,
861 3079 919 3123 et
959 3072 1026 3122 ad
1069 3073 1194 3122 alias
1239 3072 1432 3137 parteis

363 3151 524 3213 pellit
562 3151 685 3201 oris.
751 3150 934 3214 Itaque
977 3150 1165 3213 plectri
1214 3149 1432 3199 similem

367 3227 598 3290 lingnam
631 3227 800 3277 nostri
839 3227 1011 3276 solent
1054 3226 1252 3289 dicere,
1287 3227 1434 3277 chor·

365 3301 548 3351 darum
595 3302 828 3365 (lemeis,
869 3302 1038 3351 nareis
1079 3304 1320 3352 cornibus
1368 3303 1432 3352 iis

369 3392 482 3441 quae
505 3380 571 3427 ad
595 3392 784 3427 nervos
815 3385 1061 3429 resonant
1081 3379 1134 3428 in
1157 3379 1429 3431 cantibus.’

365 3561 374 3567 -
434 3535 526 3579 555
561 3531 819 3594 Asperitas
857 3537 1016 3581 autem
1051 3530 1200 3594 vocis]
1255 3532 1430 3582 Docet

363 3604 501 3659 nude
543 3613 792 3657 nascatur
851 3607 992 3657 vocis
1043 3606 1322 3669 asperitas,
1372 3614 1431 3657 et

363 3679 606 3743 flaevor,²
649 3694 745 3731 seu
789 3681 1021 3731 laevitas:
1077 3689 1132 3731 et
1182 3682 1429 3745 ostendit,

361 3758 532 3819 creari
553 3757 696 3807 vocis
721 3758 1062 3821 asperitatem
1095 3772 1126 3805 a
1157 3758 1428 3823 principiis

364 3833 579 3897 asperis,
599 3835 844 3883 laevorem
870 3834 1104 3883 laevibas.
1171 3834 1316 3883 Ordo
1339 3850 1427 3884 au-

363 3912 466 3975 tem
490 3910 676 3958 horum
697 3923 938 3959 versuum
955 3909 1290 3973 perturbatus
1312 3916 1428 3959 erat

359 3980 415 4029 in
437 3982 582 4033 libris
604 3982 856 4047 vulgatis,
887 3990 944 4034 et
973 3984 1026 4032 in
1045 3984 1302 4033 nonnullis
1324 3998 1429 4032 ma-

359 4070 532 4115 nuscr.
563 4074 723 4123 quem
763 4058 991 4121 restitui,
1029 4059 1096 4108 ab
1131 4059 1244 4108 aliis
1277 4059 1424 4109 libris

362 4139 416 4181 et
439 4134 638 4184 ratione
655 4137 774 4199 ipsa
797 4134 1110 4185 admonitus.
1151 4134 1426 4185 Praetcrea

367 4221 478 4257 cum
500 4210 625 4261 libri
647 4211 849 4276 vulgati
873 4211 948 4261 sic
984 4209 1256 4273 haberent,
1293 4213 1426 4260 laem's

367 4280 532 4336 leviore
567 4292 783 4338 creatur.-
837 4284 1196 4351 menineripti,
1232 4286 1424 4350 partim

1527 561 1680 609 loeuor
1732 563 1936 628 loetiore,
1988 568 2181 630 partim
2222 570 2353 620 latio
2394 573 2597 635 latim,

1529 638 1717 701 partim
1766 638 1911 689 loecor
1961 642 2161 695 loevore:
2212 646 2345 697 banc
2391 656 2593 712 postre-

1528 726 1683 776 mam,
1706 721 1765 764 ut
1788 723 2005 781 rectam,
2028 721 2293 783 amplexus
2314 736 2445 773 snm.
2494 725 2595 775 Est

1527 788 1668 839 enim
1704 790 1834 852 baec,
1872 798 1930 842 ut
1962 794 2093 857 dixi,
2114 798 2394 848 sententia:
2430 799 2592 849 laevor

1527 864 1686 928 vocis,
1723 865 1916 917 laevore
1952 870 2325 935 principiorum
2364 881 2590 925 creatur.

1525 942 1698 992 Lumo.
1734 946 1990 1007 Asperitas
2008 953 2165 997 autem
2185 952 2329 1013 cocis,
2348 954 2430 1015 qe.
2464 952 2589 1003 Jam

1525 1019 1665 1068 aliud
1688 1034 1895 1085 quoque
1916 1030 2273 1086 argumentum
2295 1039 2399 1078 vss.
2427 1030 2478 1079 7.
2499 1027 2588 1077 ‹le-

1522 1094 1741 1145 sumitur
1759 1110 1823 1145 ex
1848 1096 1962 1161 ipsa
1979 1100 2243 1163 voluptate
2259 1110 2314 1151 et
2330 1103 2585 1166 molestia,

1523 1184 1627 1235 qua
1670 1185 1762 1221 nos
1798 1187 1977 1237 sonus,
2010 1184 2167 1239 prout
2199 1178 2479 1229 concinnus
2510 1180 2585 1230 in·

1520 1247 1903 1313 concinnusque
1954 1259 2056 1315 est,
2092 1250 2283 1305 afficit:
2334 1254 2585 1320 siqnidem

1517 1334 1699 1375 censet
1713 1326 1988 1391 Epicurus,
2012 1344 2129 1393 quas
2146 1333 2451 1395 corpuscula
2466 1332 2585 1383 sub·

1518 1396 1884 1463 ingrediuntur
1924 1416 2104 1453 aurem
2134 1417 2487 1471 organumque
2509 1406 2585 1457 af-

1516 1472 1703 1525 ficiunt
1744 1483 1893 1528 certa
1926 1478 2130 1530 ratione
2159 1481 2491 1547 configurari,
2528 1490 2586 1535 et

1517 1564 1723 1601 omnem
1760 1553 2075 1605 suavitatem
2111 1564 2203 1607 aut
2236 1558 2582 1611 acerbitatem

1517 1627 1631 1676 soni
1661 1642 1763 1677 non
1797 1628 2007 1681 aliunde
2046 1647 2181 1697 esse,
2218 1648 2375 1699 qnam
2414 1650 2477 1686 ex
2518 1651 2583 1687 eo

1517 1703 1654 1767 quod
1686 1702 1977 1769 hujusmodi
1998 1712 2305 1772 corpuscula
2340 1709 2395 1761 in
2432 1726 2583 1777 orga-

1515 1790 1639 1827 num
1680 1778 1957 1832 subeuntia
1996 1782 2164 1847 ipsum
2205 1785 2457 1837 deliniant
2490 1802 2581 1837 ex·

1515 1862 1846 1920 asperentve,
1890 1872 1987 1922 pro
2031 1861 2331 1912 conditione
2380 1864 2579 1915 lavita-

1517 1931 1587 1978 tis
1612 1938 1703 1981 aut
1720 1932 2020 1995 asperitatis
2040 1949 2145 1999 qna
2176 1935 2582 2001 configurantur.

1523 2005 1718 2057 Cresco.

1580 2086 1677 2132 55⁷
1712 2082 1787 2133 Ac
1805 2082 1888 2132 ubi
1911 2098 2004 2133 non
2025 2085 2235 2149 longum,
2263 2086 2373 2149 ξω]
2418 2087 2581 2139 Varia

1516 2158 1788 2221 subjungit
1831 2161 2172 2224 problemata,
2216 2163 2439 2226 primum
2480 2179 2579 2215 vss.

1518 2237 1600 2283 10.
1668 2235 1839 2285 Voces
1860 2237 2067 2301 longius
2088 2239 2469 2302 progrediendo
2486 2240 2577 2289 he-

1512 2309 1779 2374 betantur,
1829 2319 1885 2362 et
1928 2327 1995 2361 ex
2038 2313 2304 2365 distinctis
2344 2315 2574 2367 confdsae

1510 2383 1663 2449 fiunt,
1697 2401 1885 2451 nempe
1906 2389 2027 2453 quia
2048 2389 2150 2439 illae
2174 2391 2461 2454 moleculae,
2481 2407 2574 2443 seu

1511 2460 1797 2525 singulares
1810 2465 2007 2513 voculae
2023 2465 2209 2515 crebro
2228 2466 2361 2516 aet-is
2376 2464 2573 2517 offensu

1508 2536 1755 2588 laceratae
1791 2540 2039 2589 amittunt
2074 2540 2216 2590 illam
2247 2539 2471 2605 figuram
2514 2551 2571 2591 et

1510 2611 1980 2665 conformationem
2024 2630 2177 2679 quam
2220 2630 2251 2665 a
2284 2618 2467 2682 lingua
2516 2627 2573 2669 et

1508 2692 1673 2741 labris
1694 2702 2032 2757 acceperant.
2070 2695 2265 2747 Creecls.

1572 2772 1669 2816 561
1705 2767 1787 2817 Sit
1827 2770 2015 2831 longuis
2046 2770 2203 2835 σφω]
2238 2772 2325 2822 Fit
2358 2775 2571 2837 rectius,

1509 2849 1568 2893 nt
1591 2850 1739 2907 puto.
1778 2844 1950 2905 Gifan.

1572 2922 1670 2967 664
1703 2919 1868 2983 Neque
1899 2921 2046 2971 hilum
2080 2921 2426 2987 Inter-noscere]
2474 2926 2564 2975 Sic

1505 2996 1731 3059 restitui,
1797 2998 2206 3060 probabilissima
2269 3001 2568 3064 conjectura

1507 3070 1714 3134 ductus,
1747 3087 1863 3121 cnm
1908 3072 1961 3122 in
2003 3073 2149 3122 libris
2190 3081 2336 3124 esset
2380 3079 2565 3139 partim

1505 3146 1609 3209 illa,
1632 3148 1821 3209 partim
1836 3148 1985 3196 illum.
2022 3148 2179 3197 Hunc
2199 3163 2349 3210 porro
2364 3164 2565 3199 versum

1503 3222 1709 3287 profert
1742 3222 1943 3271 Nonius
1983 3223 2035 3271 in
2078 3224 2283 3271 nomine
2322 3225 2566 3273 ‘senten-

1505 3297 1643 3347 tiaz’
1697 3312 1851 3361 quam
1895 3298 2270 3361 interpretatur
2312 3298 2409 3348 boc
2450 3301 2565 3351 loco

1504 3373 1901 3423 sensibilitatem
1920 3390 1934 3423 z
1960 3374 2011 3423 in
2034 3388 2135 3437 quo
2152 3388 2267 3423 eum
2284 3372 2397 3423 falli
2414 3386 2561 3438 puto.

1502 3448 1671 3499 Lauro.
1746 3448 1914 3513 Neque
1956 3450 2043 3498 illa
2087 3446 2426 3500 Inter-noscere.
2478 3455 2562 3500 Sic

1503 3526 1709 3575 omnino
1724 3524 2001 3587 legendum
2024 3540 2089 3573 ex
2113 3526 2388 3576 veteribus.
2441 3528 2564 3577 Qui-

1502 3600 1621 3649 dam
1656 3608 1861 3651 veteres
1901 3609 1957 3651 et
1997 3602 2228 3664 vulgati:
2273 3603 2423 3652 illam.
2456 3618 2559 3652 non

1501 3678 1655 3727 male.
1692 3676 1863 3736 Gifan.
1888 3676 2057 3728 Recte
2078 3678 2374 3741 Lambinus,
2390 3694 2564 3743 qnam-

1503 3754 1580 3800 vis
1604 3760 1709 3801 tam
1732 3754 1816 3803 illu
1848 3768 1998 3817 qnam
2030 3754 2164 3804 illam
2186 3755 2349 3819 recipi
2369 3763 2559 3819 potest.

1505 3828 1697 3879 Creech.
1764 3830 1951 3881 Potest
1970 3830 2132 3893 recipi
2152 3831 2302 3892 illam,
2317 3846 2379 3880 eo
2398 3847 2561 3893 more,

1501 3920 1603 3969 quo
1642 3912 1700 3954 et
1748 3903 1899 3967 Virg.
1945 3912 2002 3954 et
2051 3908 2262 3957 Lucret.
2304 3907 2357 3955 in
2404 3922 2560 3957 sensu

1501 3982 1886 4045 prteguantiore
1910 3981 2176 4044 adhibent,
2209 3982 2299 4031 sed
2336 3996 2449 4031 cum
2482 3984 2557 4031 1ιὶ-

1500 4058 1600 4105 lum
1628 4072 1829 4121 qaoque
1868 4056 2206 4106 usitatissima
2244 4056 2415 4119 poetae
2454 4073 2557 4109 vox

1499 4133 1583 4194 sit,
1606 4140 1663 4181 et
1684 4130 1888 4182 facilius
1923 4133 1977 4181 in
2002 4133 2153 4194 illam,
2178 4146 2327 4197 quam
2349 4134 2481 4183 illam
2501 4135 2555 4183 in

1497 4209 1647 4257 hilum
1689 4210 1920 4272 potuerit
1958 4209 2252 4274 depravari,
2294 4212 2555 4277 vulgatam

1497 4286 1776 4337 lectionem
1799 4286 2005 4339 retinui.
2038 4286 2169 4336 Hac.
