3200 4959
599 447 667 492 T.
717 443 1074 494 Lucnss'rn
1123 441 1304 492 esur
1357 443 1454 490 nn
1503 443 1771 494 usuum
1822 445 2001 494 ΝΑΤ.
2050 446 2193 494 mn.
2244 437 2312 493 v,
2397 429 2571 496 1587

373 584 554 650 paucis
599 592 722 648 pest
761 585 1020 634 versibus:
1049 585 1070 614 ⁴
1090 587 1222 638 Quae
1251 584 1440 634 istlioec

373 661 594 710 audacia
631 667 729 724 est,
748 662 822 710 'l'e
843 663 918 710 sic
941 661 1194 711 interdius
1217 675 1332 710 eum
1352 675 1439 710 co·

375 737 504 786 rolla
539 737 740 785 ebrium
770 736 1012 785 incedere
1030 735 1068 785 ?’
1130 738 1208 785 En
1233 737 1438 799 perspi·

375 827 472 863 cue
493 813 714 862 corollam
733 819 786 862 et
807 827 1024 862 coronam
1057 826 1152 876 pro
1181 826 1236 860 re
1255 812 1437 861 eadem

373 889 666 952 usurpavit.
724 889 866 938 Flac.
885 889 1000 936 Sat.
1022 891 1069 936 2.
1092 891 1141 936 8.
1165 891 1282 937 255.
1307 889 1324 916 ‘
1343 901 1436 951 po·

375 971 460 1014 tus
505 971 569 1013 ut
608 963 694 1012 ille
727 964 938 1014 Dicitur
985 977 1051 1010 ex
1085 964 1222 1011 collo
1257 962 1436 1011 furtim

371 1041 628 1105 carpsisse
664 1040 916 1090 coronas!
967 1039 1136 1089 Lamb.
1219 1037 1435 1089 corollis.

370 1117 460 1166 Ita
495 1131 564 1165 ex
586 1123 690 1166 vet.
734 1115 926 1165 nostris
963 1115 1136 1164 malui.
1202 1114 1266 1163 In
1304 1113 1436 1175 aliis,

369 1191 574 1239 coronis.
638 1190 702 1239 In
744 1189 840 1238 bac
877 1203 934 1237 re
966 1190 1130 1252 magis
1152 1187 1433 1237 utebantur

371 1269 388 1294 ‘
409 1265 637 1316 corollae'
663 1279 810 1314 voce.
851 1263 1024 1322 Gifan.

437 1345 571 1392 1400
611 1341 768 1403 Atque
808 1345 950 1388 extra
988 1353 1232 1388 nnmerum
1271 1351 1434 1400 proce-

369 1415 504 1478 dere]
560 1415 680 1464 Non
715 1414 770 1462 in
809 1427 1093 1474 numerum,
1133 1421 1192 1463 ut
1233 1425 1347 1474 sup.
1385 1415 1434 1462 4.

369 1495 486 1540 789.
519 1489 534 1516 ⁶
557 1489 693 1540 Quid
722 1503 893 1552 perro,
929 1489 980 1537 in
1016 1503 1283 1538 numerum
1317 1502 1434 1552 pre·

370 1566 564 1616 cedere
605 1579 721 1614 cum
759 1565 1032 1613 simulacra
1073 1563 1340 1613 Cernimus
1380 1564 1434 1612 in

373 1641 583 1704 somnis,
603 1646 662 1689 et
693 1639 866 1688 mollia
903 1639 1132 1688 membra
1169 1651 1380 1687 movere
1399 1639 1438 1686 Β·

439 1797 566 1843 1401
601 1791 831 1854 Dur-iter]
851 1790 1153 1853 Antiquam,
1178 1795 1314 1838 teste
1332 1789 1431 1838 Ca·

371 1867 512 1918 risio.
550 1867 744 1916 Ennius
766 1865 1076 1914 Phoenissis:
1109 1867 1124 1894 ⁸
1141 1865 1310 1916 Quam
1334 1863 1432 1913 tibi

372 1957 440 1993 ex
474 1957 564 1992 ore
597 1943 880 1992 orationem
917 1939 1114 1989 duriter
1153 1940 1310 1990 dictis
1340 1940 1430 1988 de·

371 2019 497 2067 dit?
545 2018 662 2066 Ter.
699 2014 924 2077 Adelph.
967 2020 1013 2064 1.
1060 2018 1106 2061 1.
1149 2019 1234 2064 20.
1265 2015 1430 2063 ‘Ruri

369 2108 532 2157 agere
566 2093 745 2152 vitam,
780 2104 986 2153 semper
1023 2105 1180 2153 parce
1203 2105 1266 2139 ac
1288 2091 1431 2140 duri·

367 2181 458 2221 ter
491 2185 608 2220 sese
639 2167 862 2218 habere!
914 2165 1063 2216 Idem
1099 2166 1262 2216 Andr.
1300 2171 1348 2215 1.
1384 2172 1432 2216 1.

368 2251 454 2296 48.
485 2249 503 2276 ‘
521 2245 752 2294 Primum
784 2243 896 2292 haec
924 2241 1114 2305 pudice
1139 2242 1294 2290 vitam
1316 2257 1432 2306 par-

370 2337 436 2371 ce
458 2337 520 2372 ac
554 2321 754 2369 duriter
774 2317 1018 2381 Agebat.’
1086 2317 1167 2366 Ad
1185 2331 1337 2380 quem
1355 2318 1431 2368 lo-

371 2413 488 2448 cum
532 2398 786 2457 Donatus,
830 2393 1126 2456 ‘Duriter,'
1177 2394 1357 2458 iuquit,
1399 2395 1434 2444 i.

372 2491 422 2526 e.
451 2475 564 2525 siue
586 2487 740 2522 seusu
775 2471 993 2521 doloris:
1019 2473 1034 2500 ⁶
1055 2470 1221 2532 dure,’
1240 2478 1434 2533 autem,

372 2550 695 2599 crudeliter:
721 2547 845 2597 illud
869 2548 933 2597 ad
951 2547 1212 2596 laboremz
1245 2546 1344 2597 hoc
1365 2548 1430 2596 ad

371 2625 628 2675 sevitiam
653 2625 874 2673 relatum
897 2629 998 2672 est.
1031 2621 1196 2671 Lamb.

437 2697 512 2750 'Et
532 2704 652 2751 duro
672 2706 854 2750 terram
879 2701 996 2761 pede
1019 2700 1192 2761 pellere
1211 2699 1434 2762 mairem]

370 2781 444 2829 Et
479 2771 672 2827 saltare
712 2777 928 2835 duriter,
965 2781 1024 2824 et
1056 2774 1200 2837 quasi
1240 2781 1434 2823 terram

368 2851 633 2914 λακτίζων,
662 2852 698 2899 i.
719 2865 765 2900 e.
787 2849 1016 2899 calcibus
1043 2856 1246 2910 petere,
1275 2855 1430 2912 atque

369 2928 636 2977 insectari.
679 2926 754 2975 sic
799 2925 929 2974 Hor.
974 2924 1080 2973 od.
1130 2929 1179 2974 3.
1227 2928 1306 2973 18.
1350 2929 1430 2974 15.

371 3005 390 3033 ⁴
407 3003 620 3054 Gaudet
640 3001 857 3050 invisam
873 2999 1134 3062 pepulisse
1153 2998 1316 3048 fossor
1327 2999 1431 3048 Ter

369 3078 510 3142 pede
553 3074 776 3127 terram.'
841 3075 991 3123 Idem
1029 3074 1134 3124 Od.
1182 3078 1226 3124 1.
1264 3080 1343 3123 17.
1383 3080 1430 3124 1.

371 3155 388 3182 ‘
412 3155 568 3204 Nunc
593 3157 676 3201 est
698 3151 998 3210 bibendum,
1029 3165 1166 3198 nunc
1205 3151 1340 3215 pede
1373 3151 1434 3201 li·

367 3229 500 3278 bero
535 3225 799 3276 Pulsanda
838 3223 1025 3275 ‘ellum’
1091 3226 1178 3275 Sic
1207 3226 1428 3276 omnium

369 3305 618 3367 princeps
652 3302 870 3350 Homer.
914 3302 1000 3348 Ἰλ.
1039 3315 1090 3350 c.
1122 3305 1236 3349 571.
1267 3299 1342 3348 τοὶ
1379 3298 1431 3348 δὲ

366 3377 626 3442 Musones
662 3377 860 3440 ὅμαρτῆ,
905 3377 1081 3440 Melta-‘p'
1115 3376 1162 3423 ‘r’
1190 3374 1341 3440 ι’ῢγμῷ
1375 3394 1430 3425 τε

364 3453 482 3503 ποσὶ
503 3449 772 3514 σκάίροντες
791 3448 978 3499 ἕποντο.
1003 3451 1036 3498 i.
1058 3465 1106 3500 e.
1131 3451 1147 3479 ‘
1159 3452 1236 3500 illi
1257 3458 1429 3500 antem

366 3537 566 3578 terram
609 3528 876 3589 pulsantes
917 3526 1088 3588 simul,
1133 3533 1340 3574 cantum
1374 3533 1430 3576 et

365 3605 650 3652 clamorem
688 3601 906 3665 pedibus
955 3600 1196 3653 saltando
1249 3615 1430 3665 seque-

365 3676 601 3728 bantur!
634 3677 804 3726 Lam&

435 3758 564 3804 1404
601 3751 758 3815 Hinc]
791 3753 873 3801 Ex
905 3767 968 3800 eo
1001 3752 1136 3816 quod
1177 3751 1430 3816 sequitur,

367 3833 383 3860 ‘
401 3833 619 3884 Ducere
641 3831 818 3879 multis
843 3831 1006 3879 modis
1032 3829 1216 3878 voces!
1264 3830 1431 3879 Lamb.

409 3905 624 3955 'Solatia
655 3907 828 3973 mmai]
876 3906 1100 3955 Secutus
1140 3920 1250 3953 sum
1291 3905 1431 3953 codi-

369 3995 484 4032 cem
507 3982 843 4030 Vaticanum.
861 3995 981 4029 nam
999 3981 1086 4030 alii
1101 3980 1218 4029 libri
1241 3979 1434 4028 babent

367 4069 544 4105 omno.
584 4055 842 4118 significat
873 4061 1043 4104 autem
1075 4069 1164 4104 eos
1197 4056 1284 4118 qui
1317 4055 1434 4103 dor-

355 4132 498 4180 ·mire
541 4132 841 4195 nequirent,
886 4132 1040 4180 variis
1085 4130 1324 4179 cantibus
1377 4136 1434 4178 et

369 4206 588 4256 vocibus
611 4207 916 4256 insomnium
938 4207 1134 4254 solatus
1156 4218 1284 4254 esse.
1330 4203 1436 4253 Cur

362 4283 531 4347 igitur
566 4297 672 4338 non
709 4282 844 4332 dixit
867 4284 1038 4332 solam
1059 4280 1340 4334 innmniae?
1375 4289 1434 4332 ut

1513 582 1607 635 inf.
1630 591 1677 634 5.
1698 589 1781 635 al.
1815 587 1831 615 ‘
1868 585 2061 637 Dulcia
2096 586 2425 650 permulcent
2460 586 2572 636 ani-

1511 674 1623 709 mos
1646 661 1831 710 solatia
1854 661 2013 712 vitae?
2052 667 2107 710 et
2142 662 2235 711 lib.
2270 661 2389 711 eod.
2413 677 2489 712 vs.
2520 667 2579 722 4.,

1511 736 1526 763 ⁸
1555 736 1625 784 Et
1668 737 1845 800 primae
1878 736 2137 786 dederunt
2173 736 2359 787 solatia
2396 737 2573 789 dulcia

1511 811 1671 862 vitaz?
1704 819 1761 862 et
1798 813 1947 876 Virg.
1982 814 2097 862 AEn.
2128 817 2179 864 2.
2200 818 2281 864 02.
2315 814 2465 864 ‘duri
2489 830 2571 866 so-

1512 887 1643 936 latia
1688 887 1873 938 casus!
1907 888 2074 937 Lamo.
2143 889 2357 938 aderent
2400 893 2571 941 mietio

1509 963 1679 1012 somni.
1764 964 1955 1012 Sensus
1997 961 2299 1014 manifestus
2341 973 2443 1028 est,
2480 981 2569 1016 eos

1511 1037 1717 1086 scilicet
1749 1037 1835 1104 qui
1868 1038 2092 1088 dormire
2119 1041 2412 1104 nequirent,
2434 1055 2491 1090 se
2514 1057 2569 1092 se

1509 1111 1651 1160 tibiae
1698 1117 1855 1162 cantu
1896 1113 2159 1164 oblectare
2198 1116 2393 1166 solitos.
2460 1117 2569 1167 Cur

1509 1187 1686 1250 igitur,
1722 1189 1891 1252 inquit
1922 1190 2202 1253 interpres,
2226 1191 2399 1240 solatia
2417 1193 2569 1241 mmai

1511 1264 1677 1313 dixit?
1708 1265 1891 1314 debuit
1930 1263 2065 1314 enim
2100 1264 2279 1316 dicere
2302 1267 2473 1316 solatia
2494 1269 2571 1316 in·

1506 1341 1719 1392 somnia.
1784 1340 1855 1389 Et
1897 1341 1975 1388 ita
2010 1354 2134 1389 sane
2172 1341 2395 1391 videtur.
2459 1342 2566 1393 Sed

1509 1415 1647 1479 quod
1660 1415 1773 1478 jam
1796 1415 1983 1475 dicam,
2016 1413 2372 1464 difficultatem
2408 1417 2569 1480 illam,

1509 1503 1627 1553 quse
1672 1503 1773 1539 non
1828 1489 2203 1539 contemnenda
2248 1499 2350 1552 est,
2394 1491 2565 1542 tollet.

1505 1563 1813 1613 ‘Solatium'
1852 1565 2055 1614 scilieet
2098 1579 2194 1628 pro
2228 1579 2293 1614 eo
2326 1569 2565 1630 sumitur,

1509 1638 1647 1702 quod
1672 1640 1745 1689 rei
1766 1638 1986 1702 alicujus
2010 1640 2212 1690 amissa
2248 1642 2363 1691 loco
2392 1643 2565 1705 datur,

1505 1712 1643 1762 unde
1668 1713 1906 1764 danninum
1930 1715 2167 1765 resarciri
2190 1724 2367 1779 queat.
2432 1716 2565 1766 Inde

1505 1787 1636 1837 adeo
1652 1789 1711 1837 fit
1728 1797 1785 1838 ut
1800 1790 2057 1840 interdum
2073 1792 2207 1853 apud
2220 1793 2565 1844 ,iurisconsul-

1504 1870 1585 1913 tos
1626 1865 1643 1892 ‘
1660 1864 1914 1914 solatium·
1952 1879 2045 1928 pro
2068 1867 2212 1914 tenui
2236 1867 2409 1931 aliqua
2428 1882 2565 1917 mer-

1504 1940 1689 1988 cedula
1706 1953 1797 1989 sen
1815 1940 1985 2003 pretio
2008 1947 2268 2000 sumatur-3
2288 1942 2425 2005 quod
2446 1952 2564 2004 pro.

1505 2015 1619 2064 bari
1643 2017 1765 2065 nihil
1790 2031 2021 2079 necesse,
2044 2018 2175 2068 adeo
2198 2028 2343 2070 certa
2366 2033 2447 2068 res
2464 2027 2564 2070 est.

1503 2094 1558 2142 Si
1583 2093 1699 2156 quis
1736 2100 1911 2143 autem
1954 2094 2075 2157 (hoc
2112 2094 2213 2144 erit
2244 2094 2565 2160 exemplum)

1505 2176 1740 2231 pateram
1778 2183 2008 2230 auream,
2047 2176 2137 2219 aut
2165 2184 2441 2232 gemmam,
2475 2179 2567 2220 aut

1505 2243 1697 2306 aliquid
1739 2244 1877 2292 aliud
1912 2258 2068 2297 mauu
2104 2250 2309 2307 tenens,
2342 2246 2563 2308 diceret,

1504 2321 1520 2348 ⁴
1542 2321 1665 2374 Hoc
1684 2321 1909 2384 pretium
1930 2321 2142 2382 somni3’
2174 2335 2343 2384 nemo,
2358 2323 2564 2386 opiner,

1504 2403 1665 2454 esset,
1707 2395 1797 2459 qui
1840 2395 2037 2446 dictum
2088 2397 2215 2446 illud
2258 2411 2359 2447 nou
2404 2396 2565 2452 facile

1504 2471 1856 2534 intelliget-eu
1890 2472 1961 2520 ita
1984 2473 2119 2522 enim
2144 2487 2347 2545 gem'rna
2365 2474 2380 2503 ⁶
2400 2475 2564 2523 somni

1505 2547 1765 2610 pretium,’
1798 2563 1891 2597 seu
1927 2553 1943 2577 ⁸
1968 2547 2247 2611 solatium,'
2282 2549 2565 2612 diceretur,

1505 2626 1565 2671 ut
1585 2623 1600 2648 ‘
1620 2623 1843 2684 pretium
1876 2622 2104 2685 aedium,’
2136 2631 2195 2672 ut
2224 2627 2241 2652 ‘
2262 2625 2382 2687 equi
2404 2625 2564 2686 preti-

1505 2695 1629 2758 um,'
1658 2696 1710 2745 id
1734 2697 1935 2744 scilicet
1962 2697 2101 2759 quod
2124 2711 2216 2759 pro
2234 2713 2365 2762 equo
2384 2699 2565 2748 datum

1505 2777 1607 2819 est.
1660 2769 1934 2831 objecerit
1956 2776 2127 2818 tamen
2150 2771 2423 2834 quispiam,
2458 2772 2565 2822 dici

1507 2847 1695 2908 solere,
1718 2853 1774 2895 et
1798 2854 1943 2895 recte
1968 2846 2197 2910 quidem,
2221 2847 2240 2875 ⁴
2260 2847 2565 2909 Vigiliarum

1506 2935 1734 2969 mearum
1780 2921 2043 2985 pretium,'
2084 2925 2185 2972 διο.
2234 2921 2435 2982 fateor3
2473 2923 2566 2972 sed

1507 2997 1592 3046 ubi
1636 2997 1709 3046 ita
1752 2997 2025 3061 loquimur,
2071 2996 2237 3059 figura
2272 3003 2374 3058 est,
2418 2997 2565 3060 quasi

1505 3071 1695 3134 vigilias
1734 3073 1936 3122 scilicet
1970 3072 2067 3122 hoc
2104 3072 2251 3122 nobis
2276 3073 2566 3134 attulerint,

1507 3148 1643 3212 quod
1684 3148 1749 3198 ab
1806 3150 1919 3198 aliis
1959 3150 2011 3198 in
2055 3164 2148 3197 nos
2192 3151 2435 3198 collatum
2480 3158 2564 3200 est

1505 3229 1724 3285 propter
1762 3223 2063 3272 industriam
2104 3231 2159 3272 et
2196 3225 2421 3274 laborem
2458 3239 2567 3273 sns-

1505 3304 1737 3362 ceptum.
1762 3297 1939 3348 Faber.
2005 3301 2151 3348 Voss.
2172 3300 2375 3350 emend.
2394 3301 2565 3362 Evigi-

1505 3376 1945 3425 luutibus...somno.
1991 3376 2159 3427 Quem
2181 3375 2234 3423 in
2255 3389 2413 3424 somno
2429 3376 2561 3424 Μαι.

1490 3451 1771 3514 adjuvant.
1809 3451 1949 3498 Plin.
1972 3450 2141 3512 Epist.
2160 3455 2207 3499 1.
2224 3455 2271 3500 6.
2305 3451 2320 3477 ‘
2338 3448 2565 3512 Evigila-

1503 3525 1659 3574 bam.’
1690 3526 1783 3574 sed
1822 3525 2205 3587 simplicissima
2224 3531 2305 3573 est
2328 3523 2563 3574 Lambini

1505 3602 1888 3664 interpretatio.
1926 3603 2057 3650 Htw.

1570 3680 1697 3725 1405
1732 3676 1923 3725 Ducere
1963 3673 2254 3724 multimodis
2284 3675 2437 3738 voces]
2488 3674 2561 3723 H.-

1506 3764 1554 3799 e.
1577 3748 1807 3814 (opinor)
1842 3749 1981 3813 quod
2016 3749 2193 3799 Groeci
2233 3749 2414 3798 dicunt
2438 3765 2564 3809 μινυ·

1505 3823 1681 3888 ρίζεινε
1715 3825 1849 3887 quod
1873 3829 1956 3872 est
1978 3837 2159 3872 vocem
2182 3824 2327 3871 varie
2348 3822 2565 3884 fingere,

1506 3907 1564 3948 et
1583 3899 1839 3963 figurare3
1861 3912 1977 3946 .seu
2014 3912 2141 3947 voce
2176 3899 2317 3948 varie
2339 3897 2564 3960 figurata

1507 3980 1795 4030 cantillare.
1820 3980 1837 4008 ‘
1855 3976 2065 4028 ducere’
2099 3985 2293 4039 autem,
2315 3978 2352 4025 i.
2374 3989 2422 4025 e.
2448 3989 2565 4039 pro·-

1507 4056 1720 4104 dncere.
1750 4054 1917 4103 Lami».
2490 4065 2497 4074 ·

1572 4133 1703 4178 1406
1739 4130 1804 4176 Et
1826 4129 2027 4192 flectens
2059 4125 2245 4188 cantus]
2278 4125 2415 4174 Hinc
2440 4125 2565 4174 mol-

1507 4207 1586 4254 les
1619 4205 1673 4254 in
1705 4214 1863 4254 cantu
1880 4203 2293 4266 flexionea'apud
2320 4203 2397 4252 M.
2428 4203 2561 4252 Tull.

1505 4279 1598 4334 lib.
1621 4285 1669 4330 3.
1694 4280 1761 4329 de
1778 4279 1933 4330 Orat.
1966 4281 2031 4330 ad
2062 4281 2169 4332 Qu.
2201 4280 2288 4330 Fr.
2318 4279 2484 4329 Lumb-
