3200 4959
619 405 796 472 1588

687 564 756 612 Et
791 559 984 625 supera]
1016 558 1062 607 1.
1083 571 1131 608 e.
1169 562 1224 606 et
1257 570 1370 620 sup.
1407 571 1500 608 seu
1521 557 1572 606 iu
1599 571 1683 606 su·

621 637 828 702 periore
865 641 1014 698 parte
1033 633 1362 682 calamorum.
1399 633 1474 680 sic
1499 645 1615 694 sup.
1634 635 1685 680 4.

624 718 740 764 592.
771 719 785 742 4
804 713 952 760 Unco
973 724 1111 771 saepe
1145 708 1290 757 labro
1324 707 1547 756 calamos
1568 719 1687 769 per-

625 788 789 838 currit
815 783 1070 834 hianteis?
1101 782 1265 832 Lumo.

685 865 812 911 1407
857 858 1062 920 Vigiles]
1099 858 1404 906 Cestreuses
1437 855 1687 919 intelligo.

623 936 801 988 Faber.
867 935 980 997 Ego
1023 947 1148 982 vero
1191 933 1330 982 curis
1373 946 1580 994 aegros;
1627 939 1688 980 ut

622 1025 700 1060 vs.
724 1014 871 1059 1404.
905 1014 920 1038 4
944 1005 1326 1068 vigilantibus!
1362 1006 1556 1054 Creech.

689 1091 819 1135 1409
853 1086 1088 1146 Major-em
1102 1081 1304 1144 interea]
1337 1083 1422 1132 Sic
1440 1082 1689 1130 restitue·

623 1175 734 1214 rem
767 1163 820 1210 iu
855 1161 1080 1210 secunda
1105 1161 1214 1223 jam
1243 1158 1492 1208 editione.
1561 1157 1689 1204 Esse

623 1244 798 1287 eutem
819 1235 892 1285 sic
918 1234 1190 1298 legendum
1213 1241 1269 1282 et
1291 1233 1444 1294 ratio,
1464 1231 1687 1281 ettrium

623 1312 862 1364 codicum
897 1311 1222 1372 antiquorum
1251 1308 1533 1356 auctoritas
1572 1320 1690 1369 per-

623 1387 875 1439 vincunt:
911 1399 1030 1434 nam
1056 1385 1266 1447 vulgate
1287 1383 1463 1445 lectio,
1499 1381 1689 1442 Maiore

625 1463 808 1510 interea
828 1461 1020 1524 cupiunt
1043 1459 1283 1508 dulcedine
1301 1455 1541 1519 fructum,
1565 1455 1689 1505 ferri

625 1553 729 1590 nou
755 1545 946 1601 potest.
1001 1537 1136 1585 Haec
1153 1542 1344 1596 autem,
1363 1549 1515 1598 quem
1538 1533 1692 1582 resti·

629 1616 726 1676 tui,
766 1616 900 1662 hauc
945 1613 1255 1662 sententiam
1293 1610 1482 1660 hebeti
1519 1625 1689 1674 neque

627 1703 696 1738 ex
716 1688 966 1736 hodierna
989 1687 1208 1747 musica,
1233 1686 1464 1749 quamvis
1485 1685 1553 1735 sit
1571 1699 1689 1734 eru-

627 1763 806 1825 ditior,
837 1769 892 1810 et
906 1761 1259 1823 compositior,
1291 1766 1346 1810 et
1365 1759 1569 1822 cultior,
1600 1760 1689 1809 ho·

626 1841 790 1890 mines
821 1839 970 1902 liujus
997 1839 1171 1888 aetatis
1191 1837 1436 1899 majorem
1454 1836 1691 1899 volupta-

629 1922 736 1966 tem
759 1915 1078 1979 percipiunt,
1108 1927 1260 1977 quarn
1295 1912 1416 1962 olim
1441 1911 1590 1973 primi
1614 1910 1691 1958 illi

629 2000 686 2042 et
713 1991 868 2040 rudes
901 1991 1135 2038 homines
1173 2003 1240 2036 ex
1271 2001 1366 2036 sua
1404 1986 1691 2046 incondita,

627 2069 844 2129 rustica,
909 2073 1066 2129 etque
1135 2063 1330 2126 agresti
1392 2063 1690 2126 capiebant.

628 2143 854 2194 Lambin-

694 2227 824 2271 1410
862 2218 1247 2282 Terrigenarum]
1269 2218 1316 2267 Ι.
1337 2232 1384 2266 e.
1409 2216 1691 2279 primorum

627 2299 834 2348 illorum
871 2297 1132 2344 homiuum
1169 2309 1198 2342 e
1239 2303 1380 2340 terra
1415 2285 1648 2340 natorum
1672 2305 1689 2338 ε

627 2376 860 2435 γηγενῶν,
875 2375 890 2402 4
913 2381 1067 2422 terrae
1083 2368 1340 2418 filiorum.'
1360 2369 1597 2432 sequitur
1615 2381 1692 2415 vs.

631 2454 778 2498 1425.
809 2449 828 2478 4
845 2449 1030 2510 Frigus
1053 2446 1190 2494 enim
1215 2444 1378 2492 nudos
1403 2443 1512 2490 siue
1545 2441 1692 2504 pelli-

629 2525 726 2574 bus
745 2521 1077 2572 excruciabat
1095 2517 1442 2580 Terrigenas:
1471 2517 1639 2567 Lumb.

637 2631 644 2636 ·
694 2603 822 2648 1413
845 2597 1182 2658 Posterior-que
1201 2594 1330 2654 fere,
1351 2593 1456 2657 εμπ]
1490 2593 1537 2642 Ῑ.
1557 2607 1604 2640 e.
1638 2599 1695 2642 et

627 2675 738 2725 fere
761 2676 955 2736 evenit,
989 2681 1048 2723 ut
1083 2688 1166 2722 res
1201 2672 1458 2736 posterior
1488 2671 1692 2733 melior,

628 2752 804 2816 priore
825 2757 1038 2814 reperte
1061 2749 1264 2812 perdat,
1301 2752 1454 2811 atque
1491 2762 1555 2795 ex
1587 2747 1695 2796 sui·

628 2843 713 2877 mo
760 2829 966 2876 deleat:
1021 2831 1078 2874 et
1117 2825 1360 2872 immutet
1399 2837 1578 2872 sensus
1624 2822 1690 2871 ad

627 2903 874 2966 pristina,
907 2902 940 2951 i.
963 2917 1008 2950 e.
1045 2899 1224 2962 faciat,
1249 2905 1310 2948 ut
1332 2898 1550 2960 pristine
1585 2912 1690 2946 non

628 2993 780 3044 oeque
801 2981 908 3028 sint
930 2985 1097 3040 grata,
1119 2990 1286 3040 neque
1317 2975 1556 3039 jucunde
1573 2990 1689 3024 seu·

627 3055 788 3116 sibus,
807 3062 958 3117 utque
982 3059 1138 3102 antea
1159 3051 1387 3100 fuerant.
1421 3051 1588 3102 Lamb-

692 3131 790 3180 Illa
820 3129 1033 3193 reperta]
1072 3129 1260 3177 Ἐκεῖνα
1293 3125 1545 3190 εὑρήματα.
1583 3143 1692 3189 per-

620 3207 700 3256 dit
723 3214 918 3269 autem,
939 3207 992 3255 in
1017 3213 1378 3268 contemptum
1410 3209 1582 3268 vocat,
1616 3203 1691 3252 fa·

629 3282 712 3331 cit
733 3289 791 3331 ut
813 3283 865 3331 in
883 3283 1066 3331 minori
1086 3282 1258 3345 pretio
1275 3281 1396 3330 siut.
1421 3281 1592 3330 Faber.

696 3362 822 3406 1415
874 3357 958 3406 Sic
997 3358 1154 3406 odium
1185 3359 1325 3420 σαρξί
1353 3357 1568 3420 glandis]
1610 3357 1692 3404 Ex

631 3447 734 3497 quo
755 3432 901 3494 illud,
933 3429 1039 3480 ἅλις
1063 3430 1210 3494 δρυὸς,
1243 3437 1257 3460 ‘
1277 3432 1402 3479 satis
1441 3430 1695 3494 quercus.'

628 3515 682 3557 et
709 3510 784 3557 M.
807 3508 938 3557 Tull.
967 3507 1121 3558 Orat.
1156 3505 1294 3570 perf.
1329 3507 1344 3534 ‘
1363 3507 1492 3556 Quae
1523 3515 1605 3555 est
1638 3507 1692 3555 in

625 3583 911 3631 homiuibus
936 3582 1430 3644 tautaperversitas,
1443 3587 1502 3630 ut
1517 3581 1692 3630 inven-

629 3655 699 3704 tis
715 3655 946 3718 frugibus
965 3657 1151 3718 glande
1171 3655 1484 3704 vescantur?
1505 3658 1519 3682 ‘
1533 3656 1692 3704 Glan-

630 3729 748 3791 dis,'
786 3738 841 3778 et
881 3729 1028 3793 δρυὸς,
1061 3733 1173 3778 sive
1203 3733 1220 3758 4
1250 3730 1506 3793 quercus,’
1546 3729 1692 3781 facta

627 3805 844 3867 mentio,
866 3807 990 3854 mihi
1011 3819 1186 3853 aurem
1211 3805 1371 3866 vellit,
1393 3819 1580 3869 meque
1602 3807 1691 3857 ad-

628 3888 824 3943 monet,
853 3887 912 3930 ut
942 3881 1112 3930 locum
1135 3881 1186 3928 iu
1205 3880 1409 3944 epistol.
1430 3881 1596 3930 Cicer.
1624 3883 1687 3932 ad

628 3955 794 4005 Attic.
829 3956 919 4004 lib.
955 3959 1007 4004 4.
1051 3955 1288 4018 epistola,
1319 3955 1466 4017 cujus
1488 3956 1689 4006 initium

631 4036 712 4078 est
745 4031 761 4058 ‘
779 4030 826 4079 Ο
849 4029 1220 4093 exspectatas,'
1239 4033 1336 4081 ὅτε.
1367 4031 1422 4079 ὶη
1443 4046 1558 4081 mea
1578 4033 1690 4082 edi·

629 4105 794 4167 tione,
827 4107 880 4154 in
918 4105 1234 4154 editionibus
1270 4106 1380 4154 aliis
1414 4121 1536 4156 vero
1559 4109 1691 4172 epis·

629 4180 755 4244 tola,
777 4195 890 4244 quae
910 4183 1032 4230 hine
1053 4181 1256 4230 initium
1276 4183 1441 4246 capit,
1473 4184 1488 4210 4
1515 4183 1687 4233 Occu·

628 4255 934 4319 pationnm,'
965 4259 1062 4305 διο.
1097 4256 1166 4306 ab
1194 4257 1428 4308 omnibus
1451 4259 1687 4321 eruditis,

1329 417 1544 464 N‘o'rAE
1593 415 1933 466 VARIORU
1946 417 1995 462 Μ
2044 415 2122 462 IN

1757 555 1842 620 qui
1866 569 1983 604 eum
2008 569 2173 620 usque
2198 553 2263 603 ed
2287 553 2421 607 hunc
2463 553 2603 604 diem
2640 555 2833 618 attige-

1760 638 1899 693 runt,
1932 633 2125 696 quique
2158 633 2207 682 ei
2246 647 2427 682 munus
2468 632 2835 694 admoverunt,

1730 702 2112 770 ‘demet-utum,
2145 721 2207 756 uc
2241 721 2337 769 pro
2366 705 2643 758 insanabili
2681 707 2839 756 dere·

1758 785 1962 846 lictum,
2006 797 2185 832 sanem
2228 790 2389 848 etque
2434 783 2732 842 emendem,
2760 784 2833 832 de

1760 860 2020 909 sententis
2037 859 2189 908 amici
2205 860 2305 908 mei
2323 861 2451 908 Sim.
2464 859 2737 920 Bosii,viri
2752 861 2837 907 in-

1763 935 2035 996 geniosiss.
2049 935 2225 984 Verba
2244 935 2515 983 Ciceronis
2534 941 2655 982 suut
2677 934 2791 983 baec
2818 950 2833 982 ι

1761 1012 1775 1037 4
1796 1010 1987 1074 Itaque
2010 1011 2141 1058 dixit
2159 1010 2333 1058 statim
2359 1023 2477 1058 reus
2503 1010 2619 1070 lege
2638 1009 2832 1070 majes-

1764 1083 1909 1147 tatis,
1956 1089 2035 1132 οἵ·
2084 1089 2191 1133 coi
2228 1090 2415 1132 Amo
2445 1089 2643 1131 ΑΛΛΛΛ
2675 1083 2834 1145 ms

1764 1160 1839 1210 sic
1860 1161 2053 1224 legitur
2082 1161 2145 1222 in·
2160 1161 2422 1210 veteribus
2448 1161 2565 1208 cod.
2596 1175 2713 1224 quae
2744 1160 2836 1208 lit-

1763 1241 1889 1284 terae
1936 1239 2213 1300 perspicue
2263 1243 2382 1284 suut
2422 1243 2708 1299 corruptae.
2752 1238 2835 1285 sic

1762 1311 1921 1374 igitur
1942 1313 2072 1374 legit
2108 1313 2233 1360 ille:
2280 1311 2337 1359 οὔ
2370 1327 2447 1359 σοι
2484 1310 2517 1358 ἃ
2558 1313 2666 1374 δρῦς
2700 1315 2835 1370 μᾶλα

1762 1383 1885 1448 φύει.
1920 1386 1954 1436 i.
1978 1401 2024 1435 e.
2060 1385 2076 1413 ‘
2095 1400 2199 1434 nou
2233 1386 2332 1435 tibi
2359 1385 2470 1434 haec
2488 1399 2705 1449 quercus
2724 1401 2835 1436 ma-

1762 1462 1815 1510 la
1864 1461 1925 1524 (i.
1956 1475 2007 1512 e.
2078 1459 2319 1522 glandes)
2368 1460 2569 1523 giguit!
2650 1461 2833 1512 Verba

1761 1543 1882 1586 sunt
1900 1537 2075 1585 liberti
2095 1537 2389 1600 cujusdam,
2426 1537 2513 1599 qui
2552 1536 2735 1586 videns
2774 1553 2831 1586 se

1761 1625 1905 1663 reum
1928 1625 2059 1672 esse,
2082 1617 2137 1660 et
2160 1609 2383 1660 fortusse
2416 1611 2575 1659 etiam
2616 1611 2832 1662 damna·

1765 1692 1880 1735 tum
1915 1687 1994 1746 iri,
2008 1687 2193 1748 jocans
2215 1687 2269 1734 in
2302 1686 2538 1749 periculo
2561 1691 2686 1736 ante
2710 1702 2832 1737 ocu-

1764 1763 1842 1812 los
1883 1762 2073 1825 posito,
2106 1769 2162 1811 et
2202 1762 2438 1811 alludens
2474 1763 2539 1810 ad
2580 1777 2832 1826 quercum

1763 1837 2131 1900 glandiferam,
2161 1852 2277 1902 quae
2316 1837 2489 1888 cibum
2530 1839 2833 1901 suppedita.

1761 1913 1839 1961 vit
1863 1913 2044 1975 primis
2067 1913 2165 1961 illis
2184 1913 2497 1976 homiuibus,
2520 1912 2727 1977 fuitque
2752 1915 2829 1963 eis

1763 1989 1910 2052 quasi
1956 1989 2155 2049 nutrix,
2206 1994 2262 2036 et
2321 1997 2579 2050 praeterea
2624 2003 2830 2052 poenam

1762 2065 1879 2128 lege
1895 2065 2231 2113 constitutam
2246 2063 2727 2127 respicieus‚(fuste
2744 2079 2832 2114 au-

1763 2146 1869 2192 tem
1916 2140 2327 2191 verberabantur
2366 2141 2541 2190 liberti
2588 2141 2833 2192 condem·

1765 2216 1895 2277 nati,
1928 2217 2183 2266 interdum
2228 2217 2388 2264 etiam
2432 2223 2667 2266 extremo
2706 2232 2835 2280 sup-

1766 2291 1925 2354 plicio
1978 2288 2377 2353 afficiebantur-Q
2409 2291 2521 2340 haee
2562 2292 2829 2355 loquiturz

1768 2366 1784 2392 ‘
1810 2367 1858 2415 N
1864 2380 1931 2415 ou
1954 2365 2051 2416 tibi
2072 2367 2187 2414 haec
2210 2379 2435 2430 quercus
2458 2366 2691 2428 glaudeis
2712 2381 2834 2430 pro·

1766 2453 1913 2494 creat
1930 2445 1963 2507 ;'
1999 2447 2038 2495 i.
2059 2460 2107 2496 e.
2140 2445 2251 2494 haec
2275 2445 2561 2506 accusatio,
2594 2458 2699 2493 non
2735 2444 2833 2494 tibi

1766 2523 1983 2584 victum,
2020 2523 2113 2572 sed
2151 2536 2393 2585 magnum
2427 2524 2615 2572 malum
2642 2522 2831 2572 datura

1768 2605 1867 2649 est.
1933 2598 2451 2661 Eademoperuillud
2470 2613 2675 2662 quoque
2699 2600 2831 2648 nlte-
2896 2648 2902 2652 .

1767 2689 1881 2724 rum
1900 2677 2101 2737 vulnus,
2122 2674 2257 2738 quod
2283 2675 2442 2724 estin
2465 2673 2649 2724 eadem
2676 2676 2833 2739 epist.

1766 2752 1978 2815 sanabo,
2011 2756 2217 2799 ΠΟΡΠΑ
2238 2755 2483 2801 ΠὙΜΝΑΞ
2518 2749 2609 2801 ubi
2624 2751 2833 2815 quidum

1766 2830 1970 2892 legunt,
2005 2830 2163 2891 πρῶρα
2181 2824 2394 2889 πρύμναι
2430 2825 2525 2874 sed
2548 2827 2831 2888 legendum

1764 2912 1945 2954 censet
1991 2904 2103 2965 ille,
2151 2908 2401 2952 POPI'EIA
2444 2905 2671 2962 r‘rMNA,
2710 2902 2753 2950 i.
2785 2915 2835 2952 e.

1765 2980 1959 3038 ‘lm-,vas
1982 2993 2074 3028 seu
2094 2993 2331 3041 personae
2362 2975 2556 3027 nudae!
2620 2977 2727 3026 Sed
2762 2977 2831 3026 de

1766 3056 2017 3105 Cicerone
2036 3057 2319 3105 hacteuus:
2357 3067 2495 3103 nuuc
2529 3053 2595 3103 ad
2637 3055 2832 3105 Lucre-

1766 3131 1893 3180 tium
1914 3131 2205 3180 redeamus.
2238 3130 2406 3180 Lumb-

1833 3210 1958 3254 1417
1994 3205 2145 3254 Pollis
2164 3205 2302 3268 item]
2336 3207 2467 3256 Quae
2492 3203 2595 3254 fuit
2616 3203 2833 3254 iuventa

1768 3295 1799 3328 u
1812 3280 1991 3344 primis
2015 3279 2115 3328 illis
2134 3279 2445 3340 bominibus,
2465 3284 2525 3326 ut
2544 3293 2659 3342 sup.
2680 3282 2832 3329 1⁰09.

1767 3357 1783 3384 4
1803 3355 1936 3404 Inde
1954 3369 2101 3404 casas
2119 3361 2413 3418 postquam,
2434 3368 2499 3403 uc
2531 3354 2734 3417 pelicis,
2759 3355 2835 3418 ig·

1768 3443 1989 3494 nemque
2012 3427 2297 3492 pararunt,’
2320 3432 2419 3480 διο.
2442 3428 2639 3478 cecidit
2655 3437 2832 3480 autem

1768 3505 1943 3569 pellis,
1976 3510 2033 3552 et
2063 3505 2330 3554 contemni
2368 3513 2543 3567 coeptu
2580 3513 2665 3554 est
2710 3513 2835 3568 post

1766 3595 1915 3630 usum
1956 3581 2174 3628 vestium
2214 3594 2243 3629 e
2282 3582 2401 3629 lena
2434 3580 2707 3644 uexilium,
2740 3587 2834 3632 aut

1768 3656 2049 3716 textilium,
2102 3663 2193 3705 aut
2248 3657 2477 3705 sutilium
2540 3663 2832 3718 repertum.

1768 3731 1901 3780 Cum
1925 3735 2036 3800 toto
2058 3736 2229 3779 autem
2254 3731 2353 3781 boc
2388 3732 2508 3782 loco
2535 3733 2665 3780 mire
2702 3746 2833 3780 con-

1766 3812 1961 3868 gruunt
1994 3807 2085 3855 illa
2116 3805 2315 3856 Aruob.
2352 3808 2439 3856 lib.
2480 3813 2530 3859 2.
2574 3806 2715 3858 Adv.
2756 3809 2829 3862 G.

1763 3883 1779 3908 ‘
1799 3882 1937 3933 Quid
1960 3882 2097 3930 enim
2118 3881 2162 3930 si
2184 3883 2281 3932 boc
2303 3885 2453 3932 modo
2474 3885 2679 3946 culpam
2701 3885 2833 3934 veli-

1764 3971 1878 4006 mus
1921 3954 2159 4019 infligere
2209 3959 2468 4020 prioribus
2520 3958 2627 4008 illis
2668 3965 2829 4023 atque

1764 4032 2127 4096 antiquissimis
2163 4035 2388 4096 saeculis,
2426 4033 2563 4098 quod
2604 4034 2834 4083 inventis

1762 4107 2001 4170 frugibus
2026 4109 2240 4172 glandes
2262 4111 2577 4174 spreverint,
2598 4115 2655 4159 et
2676 4124 2833 4174 repu-

1764 4182 2019 4233 diaverint
2062 4185 2289 4234 arbuta?
2350 4187 2487 4250 quod
2543 4184 2829 4235 corticibus

1766 4259 1995 4322 contegi,
2018 4265 2073 4308 et
2090 4258 2291 4310 amiciri
2310 4259 2564 4310 desierint
2586 4259 2834 4323 pellibus,
