3200 4959
634 414 825 488 166ss

708 577 805 623 ‘155
840 569 1239 623 Mutuum
1266 568 1511 633 hocopus]
1542 567 1704 619 Seou-

646 656 733 701 tns
776 664 889 699 snm
930 647 1137 699 codices
1186 644 1545 695 Parisienseis.
1583 656 1704 693 nem

647 726 735 776 alii
775 724 969 775 babent
1001 724 1095 773 Sed
1135 727 1236 772 not.
1260 721 1351 771 loci
1388 735 1505 784 opus
1540 721 1704 786 efficia

648 815 767 867 quae
787 799 945 849 lectio
977 798 1024 849 si
1058 798 1145 849 cui
1181 798 1341 861 magis
1366 797 1630 861 probetur,
1649 796 1704 845 in

644 892 775 931 voce
794 877 901 933 loci,
923 876 944 925 ι·
965 876 1159 927 vocalis
1188 882 1313 925 ante
1338 875 1572 925 vocalem
1597 887 1706 925 non

644 954 889 1015 elidetur,
939 958 997 1001 et
1050 952 1385 1015 producetur.
1428 950 1509 999 sic
1561 948 1704 1013 apud

644 1031 777 1081 Hor.
810 1029 980 1093 Epod.
1008 1027 1115 1078 od.
1138 1031 1217 1079 ll.
1234 1031 1315 1077 1⁴.
1370 1028 1387 1055 6
1405 1024 1706 1077 Fervidiore

642 1122 789 1159 mero
804 1121 996 1159 arcana
1018 1111 1280 1170 promorat
1300 1103 1449 1155 loco.'
1508 1102 1704 1155 Quam-

646 1199 801 1251 quam
838 1197 907 1233 ex
940 1182 1039 1231 boc
1061 1196 1212 1231 versu
1246 1180 1373 1231 duos
1396 1178 1499 1228 feci
1534 1178 1587 1227 in
1623 1192 1704 1227 se·

644 1258 818 1311 cunda
838 1258 1069 1307 editione
1084 1255 1389 1305 Horatiana.
1454 1252 1622 1303 Lomb.

709 1334 811 1385 Suo
826 1332 901 1396 ui]
934 1332 1021 1383 sic
1042 1330 1147 1395 legi
1171 1330 1353 1392 debet,
1372 1343 1495 1391 non,
1512 1334 1571 1377 ιιι
1593 1328 1702 1377 vul·

646 1424 733 1474 go,
766 1412 961 1471 suopte.-
996 1406 1135 1471 quod
1176 1412 1353 1455 natum
1390 1409 1472 1453 est
1504 1416 1571 1451 ex
1612 1401 1702 1451 de·

644 1492 865 1549 pravata
904 1482 1161 1547 scriptura
1200 1480 1353 1531 mhi.
1412 1477 1519 1529 Sed
1562 1476 1700 1527 unde

645 1568 769 1610 nota
796 1560 867 1610 sit
906 1559 1018 1607 liaec
1050 1556 1127 1607 vis
1164 1555 1287 1617 loci,
1307 1567 1409 1603 uon
1445 1552 1576 1601 dicit
1599 1552 1702 1606 Lu-

643 1642 777 1687 cret.
842 1634 979 1686 Quid
1005 1634 1049 1682 si
1066 1632 1319 1693 dicamus,
1340 1631 1439 1680 boc
1458 1644 1561 1679 non
1583 1642 1702 1679 esse

640 1717 839 1759 naturae
877 1708 977 1758 loci
1017 1705 1434 1767 adscribendum,
1452 1705 1543 1755 sed
1578 1719 1702 1754 noc-

642 1790 750 1835 tuae
791 1789 850 1832 et
877 1781 1101 1833 cornicis
1133 1780 1455 1833 inimicitiis?
1489 1786 1545 1829 et
1582 1794 1700 1829 cnm

641 1858 863 1909 Athenis
902 1864 1207 1907 noctuarum
1230 1870 1417 1919 magno
1438 1855 1507 1905 sit
1529 1856 1700 1905 multi·

642 1935 789 1997 tudo,
809 1949 877 1983 ex
913 1948 1015 1997 quo
1051 1930 1407 1997 proverbium,
1437 1930 1610 1992 ’γλαῦκ’
1637 1927 1702 1979 εἷς

638 2009 849 2073 Ἀθήνας,
870 2010 965 2059 i.e.
981 2009 997 2037 6
1012 2016 1253 2060 noctuam
1272 2007 1505 2057 Athenas
1523 2005 1537 2027 '
1560 2005 1704 2070 (sub-

640 2086 808 2135 intell.
842 2082 971 2148 fers)
1007 2096 1227 2147 cumque
1264 2088 1467 2133 noctuae
1498 2079 1704 2129 Palladi

640 2162 745 2218 sint
788 2174 973 2220 saerae,
994 2158 1228 2208 cornices
1267 2157 1319 2205 in
1360 2170 1480 2205 eum
1512 2157 1704 2219 locum,

639 2239 731 2291 ubi
748 2238 927 2287 hostes
949 2242 1069 2285 sunt
1108 2233 1447 2299 potentiores,
1472 2239 1527 2281 et
1550 2246 1704 2295 supe-

639 2315 803 2363 riores
824 2312 1039 2373 viribus‚
1062 2311 1139 2359 ire
1160 2323 1262 2359 non
1286 2308 1512 2359 audere?
1535 2306 1702 2359 Lumb-

707 2391 819 2454 Ipse
838 2384 1027 2449 suopte]
1063 2385 1152 2435 Ita
1172 2399 1349 2433 omnes
1367 2383 1501 2433 libri.
1552 2384 1703 2431 Lam-

640 2466 793 2517 binus
830 2470 1039 2513 tumen:
1076 2475 1163 2509 suo
1198 2460 1265 2509 oi.
1300 2458 1407 2508 Gir.
1441 2458 1567 2519 Alii,
1591 2457 1706 2521 Ipsa

636 2544 841 2603 suopte,-
884 2543 941 2585 et
988 2533 1207 2583 Vossius
1248 2532 1313 2581 ad
1351 2532 1612 2583 Catullum
1648 2547 1702 2596 p.

640 2616 755 2664 113.
770 2612 808 2660 i.
826 2625 877 2661 e.
897 2609 913 2637 6
933 2605 1154 2671 sponte!
1221 2608 1414 2657 Creeeh.

704 2690 803 2736 ‘156
838 2684 989 2733 Locus
1021 2697 1135 2741 esse,
1171 2681 1339 2745 videri,
1363 2682 1702 2745 Quadrupedes

638 2780 816 2830 quoque
835 2763 947 2828 quo]
980 2762 1070 2813 Sic
1110 2760 1307 2811 liabent
1326 2774 1501 2810 omnes
1533 2760 1626 2811 lib.
1643 2768 1705 2810 et

634 2854 896 2893 manuscr.
924 2846 981 2889 et
1004 2839 1141 2901 vulg.
1173 2853 1299 2903 quos
1324 2837 1533 2902 quidem
1560 2836 1702 2887 vide·

638 2921 755 2983 rim,
788 2925 983 2983 praeter
1024 2914 1356 2964 Florentinos
1376 2930 1393 2964 z
1427 2914 1478 2961 in
1515 2913 1699 2977 quibus

636 3000 713 3049 ita
735 2998 1043 3060 impressum
1062 3000 1165 3055 est,
1181 2992 1334 3041 Locus
1354 3006 1451 3041 esse
1474 2993 1700 3053 volantes,

634 3076 717 3136 &1:-
752 3085 967 3136 quarum
1010 3068 1291 3118 lectionum
1344 3074 1533 3116 neutra
1579 3066 1703 3115 mihi

636 3148 911 3201 admodum
950 3146 1143 3210 placet,
1164 3145 1265 3195 nisi
1296 3143 1544 3205 dicamus,
1564 3143 1698 3193 hanc

635 3231 922 3295 receptam,
942 3236 1093 3287 quam
1117 3228 1325 3271 >secutus
1359 3235 1489 3282 sum,
1508 3221 1584 3269 sic
1611 3233 1700 3268 ex-

636 3299 820 3362 plicari
843 3312 1025 3361 posse:
1060 3297 1123 3347 In
1147 3298 1299 3361 Syria
1332 3298 1487 3347 etiam
1528 3294 1698 3345 fertur

635 3388 751 3425 esse
782 3376 949 3437 locus,
968 3380 1023 3423 ει
1043 3373 1229 3434 videri,
1250 3387 1353 3437 quo
1390 3372 1547 3421 etiam
1571 3385 1698 3435 quas-

632 3450 893 3514 drupedes
914 3448 1150 3511 simulac,
1168 3451 1268 3498 &c.
1295 3456 1352 3496 ut
1382 3463 1498 3511 esse,
1530 3448 1701 3509 videri,

633 3528 703 3578 sit
721 3524 987 3577 ἀσύνδετον.
1024 3525 1107 3580 v.el
1128 3526 1239 3575 sic:
1274 3526 1325 3573 in
1348 3526 1497 3587 Syria
1528 3523 1699 3575 fertur

634 3602 781 3651 locus
827 3615 961 3663 esee,
1000 3600 1035 3648 i.
1071 3613 1121 3651 e.
1162 3600 1339 3661 licere,
1376 3598 1558 3663 videri,
1595 3602 1697 3649 &c-

632 3690 940 3739 quamquam
985 3682 1127 3725 esset
1162 3674 1533 3725 duriusculum.
1576 3678 1699 3731 mol,-

630 3751 729 3800 lior
751 3746 889 3802 esset
908 3750 1127 3804 fortasse
1150 3750 1431 3813 scriptura,
1454 3751 1499 3799 si
1518 3751 1591 3801 ita
1623 3752 1697 3801 le-

540 3854 549 3863 ·
634 3833 866 3889 geretur,
889 3826 951 3875 In
977 3825 1135 3893 Syrio.
1170 3841 1347 3889 quoque
1374 3826 1542 3886 fertur
1578 3826 1697 3877 item

630 3903 781 3953 locum
822 3916 919 3951 esse
960 3902 1135 3951 videre.
1180 3900 1265 3949 vel
1305 3900 1380 3949 sic
1424 3908 1696 3965 receptam

631 3978 941 4041 scripturam
986 3975 1380 4038 interpretare:
1413 3973 1583 4025 fertur
1626 3977 1697 4025 lo-

632 4067 725 4107 eus
758 4068 869 4110 esse
906 4054 960 4103 in
989 4052 1175 4116 Syria„
1197 4051 1369 4115 videri,
1390 4052 1423 4100 i.
1462 4068 1511 4101 e.
1537 4060 1595 4101 ut
1621 4051 1694 4101 vi·

632 4128 837 4189 deutur,
859 4143 947 4177 seu
966 4128 1033 4177 ad
1054 4126 1485 4187 videndum,&c·re
1503 4126 1694 4179 ἰδέσθαι.

631 4203 857 4255 Omnino
876 4205 1018 4255 locus
1038 4212 1122 4253 eat
1144 4205 1420 4268 perplexus
1444 4212 1499 4254 et
1530 4205 1694 4269 impe-

631 4278 787 4349 ditus.
856 4277 969 4341 Ego
994 4278 1069 4327 sic
1094 4278 1339 4342 putabam
1362 4281 1499 4331 hunc
1522 4280 1690 4331 locum

1346 424 1565 479 NOTAE
1611 422 2018 481 mmmmm
2065 423 2145 473 m

1775 564 2188 617 emendandum:
2235 563 2298 616 Ia
2333 562 2482 628 Syria
2513 578 2562 627 q.
2580 560 2626 621 f.
2647 562 2686 610 i.
2719 562 2840 613 tom

1775 656 1892 704 esse,
1929 643 2156 702 volucres,
2191 641 2259 689 Et
2292 655 2380 703 quo
2419 639 2744 703 quadrupedes
2777 638 2840 686 si·

1775 721 1928 770 ιιιιιὶαο
1964 735 2078 783 mp-
2111 719 2220 769 Per
2257 718 2394 767 bunc
2436 717 2606 765 locum
2645 722 2842 777 mntem,

1777 796 2078 847 Plutonium
2103 792 2380 859 significari
2403 800 2555 855 puto,
2589 790 2728 854 quod
2760 796 2842 839 est

1776 874 1830 925 in
1853 874 2144 937 Hierapoli,
2164 886 2268 921 non
2300 870 2483 935 procul
2509 884 2540 919 a
2564 867 2844 915 Laodicea.

1777 950 1842 999 de
1885 964 1989 1013 quo
2025 950 2100 999 sic
2144 947 2338 998 Strabo
2380 945 2472 994 lib.
2519 948 2604 993 13.
2681 941 2750 991 ‘ri
2787 939 2844 991 δὲ

1775 1023 2069 1075 nummu
2107 1023 2186 1073 ὑπ’
2225 1019 2363 1087 ὀφρύϊ
2393 1022 2532 1085 μικρᾷ
2573 1020 2662 1077 τῆς
2708 1018 2842 1081 ὅπερ·

1775 1100 1983 1162 κειμένης
2001 1100 2194 1165 ὀρεινῆς,
2211 1097 2409 1160 στόμιόν
2428 1098 2530 1145 ἔστι
2551 1094 2841 1157 σύμμετρον,

1773 1176 1890 1227 ὅσον
1905 1176 2140 1241 ἄνθρωπον
2167 1175 2380 1237 δέξασθαι
2407 1170 2678 1235 δινάμενοι,
2696 1168 2842 1227 βεβό-

1774 1258 1906 1303 θνηιι
1926 1254 1969 1303 δ’
1991 1249 2210 1313 ἐπιπολὺ,
2233 1256 2332 1301 ὅτε.
2350 1252 2421 1310 τῷ·
2438 1252 2480 1297 δ’
2500 1248 2614 1297 εἵσω
2633 1246 2844 1309 περιόν-ι

1773 1327 1878 1391 ζόῃ
1909 1328 2106 1379 θάνω-ος
2139 1327 2426 1391 παραχρῆμα
2453 1324 2656 1386 ἀπαντᾷ.
2685 1319 2844 1385 raihna

1770 1405 1888 1465 ’γοῦν
1903 1402 2203 1467 εἰσαχθέντες
2216 1402 2455 1461 πίπτουσι,
2475 1398 2558 1449 καὶ
2577 1398 2852 1461 ἐξέλωνται.

1773 1480 1939 1545 νεκροί.
1963 1480 2094 1542 ἡμεῖς
2127 1478 2179 1529 δὲ
2204 1477 2424 1543 στρουθία
2454 1474 2742 1539 ἐπέμψαμεν,
2763 1474 2842 1524 καὶ

1773 1556 1944 1607 ἔπεσον
1983 1555 2114 1607 εὐθὺς
2149 1552 2485 1605 metiemu-
2523 1553 2559 1601 i.
2597 1566 2647 1600 e.
2682 1552 2698 1578 6
2722 1551 2844 1599 Plu-

1774 1635 1973 1683 tonium
2025 1640 2198 1683 autem
2255 1630 2350 1680 sub
2404 1629 2594 1691 exiguo
2651 1626 2840 1677 montis

1774 1709 2094 1759 imminentis
2127 1706 2425 1771 supercilio,
2451 1720 2509 1753 os
2537 1711 2620 1751 est
2653 1718 2718 1753 ea
2741 1717 2843 1751 am-

1776 1785 2054 1849 plitudine,
2087 1791 2146 1833 ut
2181 1783 2438 1833 homiuem
2481 1794 2676 1843 capere
2725 1793 2842 1843 pos-

1777 1863 1848 1912 sit
1869 1869 2088 1922 tautum,
2109 1859 2386 1909 altitudine
2417 1872 2542 1907 vero
2573 1857 2841 1916 immensa,

1775 1941 1874 1988 &c.
1897 1937 2144 1987 animanti
2169 1942 2340 1985 autem
2362 1948 2428 1983 eo
2450 1935 2687 1996 ingresso
2709 1944 2841 1980 mors

1779 2028 2008 2078 praesens
2043 2020 2228 2077 parata
2249 2017 2348 2060 est.
2409 2009 2567 2058 Tauri
2606 2009 2748 2057 enim
2769 2008 2842 2057 in·

1777 2090 2004 2139 troducti
2047 2088 2364 2139 concidunt:
2397 2091 2454 2135 et
2493 2087 2842 2135 extrahuntur

1778 2166 1996 2216 mortui:
2022 2180 2116 2215 nos
2136 2173 2308 2214 autem
2331 2162 2662 2225 passerculos
2680 2160 2840 2209 immi-

1779 2242 1958 2303 simus,
2008 2247 2064 2290 et
2105 2240 2280 2289 statim
2326 2238 2634 2287 ceciderunt
2676 2236 2844 2285 anima

1779 2316 2028 2381 profusa?
2115 2318 2385 2367 Hactenus
2449 2311 2659 2364 Strabo.
2746 2314 2844 2363 Est

1779 2394 1938 2443 etiam
1959 2393 2178 2443 Panium
2200 2398 2403 2441 antrum
2427 2390 2476 2438 in
2503 2389 2677 2438 radice
2703 2402 2842 2437 mon·

1780 2470 1848 2518 tis
1869 2468 2081 2518 Libani:
2127 2466 2264 2532 quod
2288 2480 2495 2529 gravem
2531 2472 2586 2514 ει
2611 2462 2840 2515 mortife-

1781 2558 1892 2595 rum
1909 2544 2144 2608 spiritum
2166 2542 2395 2592 exhalat.
2465 2540 2632 2591 Lamo.
2759 2580 2780 2595 .

1843 2624 1943 2671 ‘156
2001 2617 2192 2681 Viden-i]
2273 2618 2551 2679 Marullus,
2603 2619 2842 2674 volones,-

1777 2702 1963 2745 contra
2005 2708 2186 2743 omnes
2232 2693 2410 2743 libros.
2448 2691 2560 2751 Gis.
2612 2692 2841 2741 Omnino

1779 2771 1920 2820 locus
1943 2777 2025 2819 est
2045 2770 2327 2833 perplexus
2361 2777 2418 2825 et
2446 2768 2749 2831 impeditus,
2771 2767 2848 2819 ait.

1777 2847 2074 2910 interpresz
2109 2845 2246 2895 addo
2282 2844 2442 2895 etiam
2479 2858 2602 2906 ego,
2641 2856 2842 2891 versum

1777 2922 1918 2971 illum
1943 2922 2224 2972 seeundum
2262 2928 2568 2983 corruptum
2603 2934 2756 2981 esse3
2789 2919 2841 2969 in

1777 3014 1840 3049 eo
1861 3001 1996 3049 enim
2032 2998 2090 3049 τὸ
2127 3014 2304 3063 quoque
2345 2999 2468 3047 nihil
2505 2998 2607 3047 loci
2649 2996 2841 3047 habere

1775 3082 1982 3139 potest3
2020 3075 2237 3125 tertium
2257 3080 2429 3123 autem
2453 3073 2745 3122 soloecismo
2767 3072 2842 3120 in-

1773 3152 2042 3216 quinatum
2088 3165 2204 3201 esse
2251 3151 2364 3201 aio:
2416 3164 2534 3199 nam
2577 3148 2717 3213 quod
2775 3148 2840 3199 ad

1775 3228 2110 3277 mutationem
2147 3227 2370 3291 generis,
2411 3225 2549 3275 unde
2588 3224 2680 3273 isti
2711 3222 2841 3288 fign÷

1776 3316 1884 3352 ram
1921 3300 2120 3365 fecere,
2141 3303 2299 3365 vulgo
2327 3300 2649 3363 confugitur,
2681 3300 2736 3349 id
2775 3298 2839 3351 ab

1773 3378 1874 3427 lioc
1909 3377 2020 3427 loco
2055 3377 2330 3426 abhorret:
2370 3390 2557 3440 neque,
2575 3374 2715 3439 qnod
2739 3388 2841 3424 non

1773 3453 2076 3517 observant,
2119 3452 2374 3517 ejusmodi
2422 3452 2692 3501 licentiam
2737 3466 2842 3503 om.-

1773 3529 1860 3578 nia
1881 3531 2123 3593 exempla
2153 3530 2456 3593 admittunt,
2478 3536 2538 3579 ut
2561 3529 2842 3594 aliquando

1773 3603 2227 3655 demonstrabitur.
2316 3604 2382 3654 In
2441 3605 2608 3669 primo
2665 3612 2842 3655 autem

1772 3680 1894 3742 quid
1930 3686 2027 3741 est,
2063 3681 2078 3708 ‘
2103 3677 2273 3729 fertur
2319 3694 2434 3729 esse
2472 3679 2652 3727 videre
2669 3679 2704 3727 ?'
2733 3678 2842 3731 Sed

1772 3754 2130 3818 conjecturam
2154 3770 2322 3805 meam
2341 3755 2545 3819 aperire
2565 3754 2727 3805 satius
2751 3754 2840 3816 sit,

1771 3844 1928 3895 quam
1968 3832 2180 3896 longum
2223 3830 2382 3895 loqui.
2446 3831 2560 3879 Hos
2595 3836 2702 3879 tres
2725 3844 2842 3879 ver-

1771 3919 1860 3955 sus
1884 3905 1950 3956 ab
1976 3922 2079 3957 una
2101 3906 2384 3971 eademque
2417 3906 2620 3969 origine
2655 3906 2843 3969 depra-

1772 3992 1922 4035 vatos
1966 3998 2082 4035 esse
2126 3985 2370 4046 arbitror,
2407 3998 2473 4033 ex
2515 3985 2837 4045 glossemate

1769 4059 1970 4111 scilieet
2009 4060 2096 4109 τοῦ
2116 4062 2131 4089 6
2157 4060 2320 4109 videri
2337 4059 2372 4121 ;’
2407 4059 2543 4123 quod
2583 4074 2701 4109 cum
2735 4060 2840 4111 hoc

1767 4132 1882 4182 loco
1907 4146 2010 4183 non
2045 4148 2137 4196 pro
2179 4136 2352 4195 δοκεῖν,
2374 4140 2430 4183 ιιι
2467 4131 2582 4183 fere
2611 4148 2840 4204 semper,

1767 4206 1861 4257 sed
1887 4221 1980 4271 pro
2005 4220 2122 4256 esse
2143 4208 2364 4271 positum
2387 4207 2476 4269 sit,
2509 4206 2624 4255 ideo
2644 4206 2702 4255 τὸ
2726 4209 2741 4236 6
2759 4222 2837 4257 es·

1769 4294 1825 4331 se
1843 4279 1858 4300 '
1877 4282 1943 4331 ad
1967 4282 2107 4331 illem
2131 4296 2308 4331 vocem
2341 4294 2662 4347 apposuere3
2697 4281 2838 4347 quod
