3200 4959
606 436 780 503 1382

605 597 696 647 illa
739 608 805 645 ex
842 593 946 643 fide
985 592 1198 643 retulit:
1243 592 1383 643 inter
1413 608 1529 657 quae
1561 594 1663 643 hoc

607 684 813 721 carmen
837 670 1043 733 dignum
1076 676 1202 718 nota
1233 668 1364 719 fuitz
1393 670 1410 699 ⁴
1436 670 1508 718 Et
1534 668 1662 732 geli-

605 746 728 795 dum
784 745 993 807 borean,
1037 744 1396 809 egelidumque
1449 745 1665 795 notum?

606 822 737 871 Cum
761 820 1015 870 Ausonius
1035 820 1228 885 inquit:
1267 821 1283 848 ‘
1300 820 1530 885 Impiger
1541 834 1659 883 ege-

603 898 713 947 lido
743 900 917 945 'movet
950 896 1340 945 arma-‘Severus
1365 896 1432 945 ab
1467 897 1609 945 Istro
1625 894 1658 957 ;'

604 973 838 1023 nonnulli
861 974 885 1000 ·‘
906 972 1179 1035 egelidum'
1220 987 1314 1037 pro
1349 973 1498 1023 valde
1531 972 1659 1035 geli-

601 1048 729 1098 dum
771 1049 997 1111 capiunt,
1051 1054 1292 1113 tanquam
1336 1053 1532 1097 tractus
1569 1047 1659 1095 ille

601 1126 768 1189 magis
797 1124 862 1174 ad
893 1126 1116 1189 rigorem
1147 1140 1298 1190 quam
1333 1124 1397 1173 ad
1421 1130 1659 1187 teporem

605 1206 819 1264 vergat:
853 1205 910 1249 et
947 1214 1010 1249 ea,
1041 1198 1208 1263 figura
1229 1200 1434 1249 dicetur
1466 1198 1660 1261 ‘egeli-

602 1274 764 1337 dum,'
785 1289 886 1339 qua
922 1274 938 1303 ‘
959 1273 1154 1323 edurae'
1187 1274 1350 1339 coryli
1377 1289 1406 1323 a
1437 1272 1659 1337 Virgilio

599 1363 698 1414 pro
725 1349 1052 1399 valdeduris.
1120 1350 1275 1399 Nunc
1309 1349 1434 1398 vitio
1472 1348 1657 1411 depra-

597 1425 832 1475 vantium
871 1425 1160 1488 scrip-turus
1197 1424 1248 1474 in
1269 1424 1507 1490 poemate
1530 1426 1657 1475 Ovi-

601 1500 760 1550 disno
776 1502 1068 1564 proeeipitem
1088 1500 1310 1564 positum
1334 1508 1415 1551 est
1441 1500 1528 1551 ubi
1557 1500 1659 1552 fuit

601 1576 850 1639 egelidum.
884 1577 1029 1626 Pius.

666 1656 910 1718 Seorsum]
944 1656 1237 1721 Unicuique
1255 1656 1569 1721 singillatim,
1585 1656 1659 1706 ita

599 1737 660 1783 ut
679 1732 811 1781 hanc
844 1737 934 1780 aut
964 1732 1103 1781 illam
1143 1734 1444 1796 qualitatem
1476 1748 1657 1783 sensus

601 1806 810 1871 quidam
842 1813 1040 1869 noscat,
1071 1808 1160 1856 ille
1191 1808 1326 1858 alter
1348 1824 1452 1859 nou
1473 1810 1653 1899 possit.

595 1994 605 2001 -
663 1918 784 2011 500
799 1963 898 2011 Nee
947 1978 1088 2025 porro
1134 1966 1377 2029 poterunt]
1426 1965 1519 2015 Διὰ
1569 1965 1657 2025 τὴν

598 2035 946 2100 ἷσοσθένειαν,ἱ.
970 2054 1018 2089 e.
1041 2039 1057 2067 ‘
1076 2048 1290 2103 propter
1307 2043 1654 2105 aequalitatem

597 2113 903 2176 potestatis?
955 2115 1087 2164 ‘Non
1113 2118 1306 2178 poterit
1328 2116 1544 2182 (inquit)
1578 2120 1653 2167 vis

593 2198 686 2237 ans
708 2190 870 2237 visum
893 2188 1154 2251 refellere,
1168 2206 1264 2239 nec
1287 2193 1491 2241 auditus
1511 2193 1654 2242 audi-

598 2270 727 2325 tum,
748 2278 844 2313 nec
876 2270 1112 2328 gustatus
1135 2272 1415 2331 gustatum,
1439 2278 1656 2333 propter

597 2339 851 2402 aequalem
895 2340 1188 2406 utriusque·
1217 2349 1550 2408 potestatem,
1593 2345 1654 2395 fi·

597 2414 718 2463 dem
751 2422 905 2477 atque
938 2418 1315 2469 auctoritatem.
1352 2420 1558 2483 quidam
1591 2423 1652 2472 li·

595 2486 677 2540 bri
719 2490 926 2555 habent,
979 2493 1082 2541 Nec
1123 2508 1262 2557 porro
1297 2503 1512 2558 possunt.
1555 2513 1650 2563 ego

594 2565 724 2615 nihil
741 2573 903 2616 muto.
938 2567 1105 2617 Lamb.

662 2642 769 2690 Nec
783 2647 1002 2704 putemne
1031 2644 1127 2707 ipsi
1155 2647 1558 2709 reprehendere&
1579 2650 1653 2713 se]

595 2718 728 2767 Sunt
751 2718 887 2767 euim
911 2718 1050 2768 inter
1073 2735 1128 2770 se
1151 2719 1419 2789 ἴσοσθενεῖς,
1442 2727 1518 2777 uti
1539 2728 1654 2779 illos

597 2794 819 2845 vocabat
839 2798 1108 2859 Epicurus.
1143 2802 1313 2851 Faber.

590 2898 599 2905 -
658 2876 754 2920 501
790 2873 1106 2937 AEquafides]
1141 2876 1332 2927 Melius
1362 2878 1535 2929 forsan
1559 2895 1655 2945 per

592 2948 804 3011 hyphen
825 2949 989 3011 legas,
1020 2952 1335 3017 AEquafides,
1362 2969 1423 3003 eo
1465 2956 1653 3007 ducen-

595 3023 732 3073 tibus
755 3025 882 3074 Mas.
915 3026 1049 3077 Htw.
1143 3050 1148 3053 ·

659 3104 755 3148 503
789 3103 879 3162 Et,
920 3102 964 3150 si
1003 3117 1096 3151 mm
1132 3106 1328 3167 poterit,
1361 3107 1469 3170 ξω]
1519 3052 1649 3159 Cum

595 3191 718 3227 vero
743 3192 882 3241 saepe
919 3176 1160 3240 fallimur,
1214 3194 1330 3229 cum
1371 3196 1418 3231 v.
1454 3198 1505 3246 g.
1545 3189 1651 3233 tur-

595 3254 666 3304 ris
701 3254 956 3318 quadratu·
993 3254 1191 3303 eminus
1236 3256 1348 3306 visa
1398 3267 1650 3323 appareat

593 3328 836 3390 rotunda,
887 3328 1006 3392 quid
1053 3331 1312 3393 agendum
1353 3336 1470 3383 est?
1548 3338 1652 3387 Re·-

593 3405 816 3470 spondet
873 3406 1142 3455 Lucretius
1193 3422 1296 3458 vss.
1329 3430 1332 3433 ⁴
1360 3415 1439 3461 13.
1487 3413 1651 3463 satius

595 3496 710 3532 esse
752 3482 1018 3545 negligere
1049 3481 1152 3531 ista
1189 3484 1524 3549 problema-ta,
1560 3495 1653 3537 aut

598 3572 952 3623 quamcunque
977 3572 1182 3607 causam
1198 3561 1479 3625 assignare,
1499 3577 1651 3626 quam

594 3634 826 3683 sensibus
868 3631 1120 3694 diffidere,
1161 3636 1348 3699 quibus
1393 3644 1505 3687 tota
1540 3640 1652 3688 vita

597 3715 654 3759 et
671 3710 807 3758 salus
831 3709 1105 3771 innitatur;
1127 3726 1246 3759 nam
1270 3714 1379 3762 sine
1395 3714 1496 3763 illis
1515 3716 1651 3764 salu·

592 3786 703 3837 bria
727 3786 940 3849 eligere,
963 3794 1054 3837 aut
1076 3788 1247 3849 noxia,
1269 3790 1575 3853 praecipitia‚
1600 3806 1648 3842 ν.

591 3875 642 3925 g.
674 3860 922 3925 flammas,
958 3868 1011 3911 et
1047 3863 1296 3925 ejusmodi
1337 3865 1439 3913 alia
1481 3864 1651 3915 vitare

587 3952 693 3986 non
717 3954 1000 4001 possumus,
1047 3938 1150 3986 Hic
1173 3952 1296 3988 vero
1319 3940 1488 4002 tangit
1501 3955 1651 4005 scep-

590 4014 746 4075 ticos,
768 4013 834 4062 de
859 4027 1071 4077 quorum
1111 4014 1347 4078 principe
1381 4016 1649 4079 Pyrrhone

588 4090 856 4153 Diogenes
901 4090 1165 4139 Laertius:
1215 4090 1372 4149 Μηδὲν
1428 4093 1649 4158 dnn-paura.

583 4182 744 4226 μενος,
779 4162 924 4227 μηδὲν
945 4165 1298 4227 ’φυλαττόμενος
1340 4166 1416 4227 ἣν,
1462 4167 1649 4221 ἅπαντα

589 4239 915 4305 ὑφιστάμενος,
937 4240 1127 4306 ἁμάξας,
1159 4242 1200 4291 εἴ
1227 4242 1381 4307 τύχοι,
1409 4245 1486 4297 καὶ
1503 4264 1645 4313 κρημ-

1308 450 1522 499 No'rAE
1569 446 1971 499 VARIORUM
2020 450 2099 498 IN

1738 592 1862 655 νοὸς,
1900 572 1978 643 icat
2010 591 2167 656 κύνας,
2200 591 2279 642 καὶ
2306 593 2397 643 ὅσα
2411 594 2625 657 τοιαῦτα,
2646 592 2797 656 μηδὲν.

1735 674 1841 720 ταῖς
1862 669 2127 728 αἰσθήσεσιν
2147 669 2413 735 ἐπιτρέπων.
2449 672 2642 721 Creeclt.

1738 768 1747 775 ·
1799 752 1897 797 506
1960 748 2205 811 Meudose]
2282 747 2585 812 Perperam,
2640 750 2790 797 male.

1734 822 1901 872 Lumb.

1799 902 1895 948 507
1944 898 2101 953 Quam
2140 897 2357 947 manibus
2403 897 2651 958 manifesta
2690 898 2791 947 suis

1734 974 1949 1023 emittere
1966 975 2227 1037 quaquam]
2259 976 2428 1025 Quam
2446 976 2682 1024 emittere
2699 988 2791 1023 seu

1736 1049 1975 1098 amittere
2015 1064 2097 1097 res
2136 1048 2436 1100 manifestas
2469 1050 2537 1099 de
2560 1050 2664 1100 suis
2684 1064 2790 1099 ma-

1733 1124 1899 1174 nibus.
1922 1124 2142 1175 amittere
2162 1132 2335 1175 autem
2356 1126 2629 1187 legendum
2652 1125 2793 1175 vide-

1734 1208 1837 1265 tur,
1883 1217 1983 1251 non
2028 1204 2257 1252 emittere.
2301 1204 2317 1230 ‘
2336 1202 2615 1253 Amittere’
2653 1204 2789 1253 enim

1733 1279 1877 1327 valet
1909 1278 2046 1327 idem
2081 1278 2217 1343 quod
2257 1278 2393 1342 apud
2432 1279 2645 1328 Graecos
2676 1280 2793 1328 ἄπο-

1731 1350 1947 1417 βάλλειν,
1990 1352 2188 1418 ἆφιέναι,
2232 1353 2263 1412 ἡ
2306 1353 2523 1418 προϊέναι.
2564 1369 2791 1418 quoquam

1734 1436 1907 1479 autem
1972 1431 2093 1480 olim
2160 1430 2523 1481 excudendum
2589 1431 2788 1492 curavi,

1734 1505 2161 1571 quemadmodum
2202 1508 2393 1555 habeut
2438 1506 2634 1569 aliquot
2670 1506 2789 1555 libri

1648 1604 1653 1611 ·
1730 1598 1991 1632 manuscr.
2036 1589 2091 1634 et
2118 1580 2305 1633 ‘omnes
2338 1584 2557 1647 vulgati,
2593 1588 2789 1645 praeter

1731 1658 2016 1707 Florentin.
2056 1660 2145 1723 qui
2188 1660 2381 1708 liabent
2424 1672 2698 1722 quenquam,
2733 1664 2791 1707 et

1730 1734 2009 1787 Parisiens.
2038 1736 2102 1784 ·in
2160 1736 2343 1800 quibus
2394 1742 2475 1784 est
2526 1750 2787 1797 quiequam,

1731 1810 2037 1873 quibuscum
2074 1812 2407 1861 consentiunt
2443 1810 2671 1859 nonnulli
2692 1811 2789 1859 'eti-

1646 1910 1653 1918 ·
1732 1900 1812 1936 am
1856 1892 2091 1937 veterem·
2110 1893 2267 1951 atque
2305 1888 2437 1936 hanc
2472 1893 2787 1951 postremam

1731 1960 2007 2012 lectionem
2033 1976 2169 2012 nunc
2190 1963 2349 2027 magis
2364 1963 2527 2025 probo
2549 1979 2561 2012 ε
2584 1970 2641 2012 et
2660 1978 2788 2025 φια-

1729 2052 1866 2101 quam
1919 2038 2238 2102 interpretor
2292 2039 2397 2087 ulla
2450 2053 2543 2087 seu
2597 2038 2786 2103 aliqua.

1728 2112 1852 2163 licet
1874 2119 2048 2163 tamen
2070 2113 2225 2162 etiam
2248 2114 2424 2176 legere
2446 2129 2733 2177 quemquam,
2750 2114 2785 2163 i.

1730 2203 1777 2239 e.
1812 2189 2052 2253 aliquem.
2084 2190 2251 2240 Lamb.
2318 2190 2557 2239 Eminet-e
2578 2205 2785 2253 quaeque.

1728 2264 1816 2314 Ita
1858 2264 1913 2312 in
1946 2265 2225 2328 veteribus,
2263 2266 2474 2329 optime.
2541 2265 2604 2315 In
2642 2267 2786 2316 aliis:

1728 2355 1985 2403 quaquam.
2051 2340 2114 2390 In
2138 2342 2276 2405 vulg.
2301 2346 2357 2391 et
2388 2340 2441 2391 in
2480 2342 2784 2407 quibusdam

1730 2422 1835 2465 vet.
1858 2430 2100 2479 quoquam.
2138 2415 2245 2465 Gif.

1788 2494 1884 2539 508
1916 2492 1986 2540 Et
2006 2493 2180 2540 violare
2203 2492 2357 2555 fidem
2387 2492 2617 2557 ρτὺηαηι]
2653 2495 2781 2544 Eam

1727 2564 1949 2627 scilicet,
1980 2580 2097 2629 quae
2142 2565 2363 2617 debetur
2402 2569 2653 2619 sensibus.
2702 2570 2779 2620 M.

1727 2642 1859 2691 Tull.
1900 2641 1955 2691 in
1996 2642 2211 2691 Lucullo
2252 2644 2345 2707 ait,
2388 2644 2784 2709 ‘Chrysippum,

1728 2716 1849 2766 dum
1872 2717 2102 2767 studiose
2125 2719 2293 2769 omnia
2312 2721 2649 2784 conquisierit
2668 2736 2786 2771 con-

1728 2797 1811 2842 tra
1832 2808 2032 2855 sensus,
2064 2801 2119 2842 et
2142 2794 2589 2857 perspicuitatem,
2605 2803 2787 2847 contra

1727 2870 1948 2918 omnium
1999 2870 2448 2934 consuetudinem,
2501 2880 2786 2938 contraque

1726 2946 2002 3008 rationem,
2023 2946 2191 3009 ipsum
2228 2946 2327 2995 sibi
2364 2951 2783 3011 respondentem,

1727 3035 1781 3069 se
1817 3021 2111 3071 inferiorem
2152 3021 2333 3071 fuisse.
2398 3023 2583 3087 Itaque
2614 3025 2679 3074 ab
2720 3040 2783 3075 eo

1726 3104 1981 3147 armatum
2038 3112 2149 3147 esse
2204 3097 2525 3147 Carneadem
2579 3100 2787 3150 Acade-

1724 3176 1914 3225 micum
1960 3182 2141 3225 coutra
2184 3188 2361 3223 sensus
2394 3174 2785 3239 disputantem!

1721 3251 1887 3301 Lamb.

1788 3331 1890 3377 510
1930 3328 2041 3376 Non
2073 3327 2205 3375 modo
2242 3326 2389 3389 euim]
2424 3326 2509 3377 Sic
2548 3327 2614 3380 Q.
2634 3328 2781 3393 Sept.

1721 3404 1801 3452 ΕΙ.
1820 3402 2165 3451 Tertullianus
2186 3402 2274 3451 lib.
2298 3403 2364 3451 de
2387 3402 2559 3453 Anim.
2583 3418 2694 3469 cap.
2718 3404 2784 3454 de

1725 3479 1950 3543 quinque
1966 3478 2215 3527 sensibus.
2237 3478 2253 3504 ‘
2272 3478 2411 3529 Quid
2436 3480 2563 3543 agis,
2580 3478 2785 3531 Acade,

1724 3554 1861 3603 mice
1902 3553 2306 3618 procacissime?
2346 3560 2511 3602 totum
2536 3556 2659 3605 vitae
2682 3561 2783 3606 sta-

1726 3635 1843 3679 tum
1865 3630 2086 3679 evertis:
2108 3643 2307 3678 omnem
2332 3636 2529 3679 naturae
2553 3633 2785 3682 ordinem

1723 3705 1935 3756 turbas:
1970 3702 2131 3766 ipsius
2154 3702 2261 3751 Dei
2298 3704 2677 3767 providentiam
2695 3722 2783 3757 ex·

1726 3794 1898 3829 caecas
1920 3793 1935 3827 ι
1974 3778 2061 3843 qui
2084 3779 2288 3829 cunctis
2313 3781 2559 3845 operibus
2578 3784 2681 3833 suis
2712 3786 2788 3833 iu-

1724 3854 2041 3919 telligendis,
2070 3856 2371 3919 incolendis,
2403 3856 2783 3922 dispensandis,

1722 3932 2059 3996 fruendisque
2108 3931 2341 3981 fallaceis
2382 3940 2439 3983 et
2484 3936 2787 3987 mendaceis.

1722 4006 1953 4056 dominos
1970 4006 2269 4069 praefecerit
2291 4008 2506 4057 seusus?
2532 4012 2701 4062 Lamb.

1787 4088 1880 4133 511
1924 4084 2035 4133 Nisi
2057 4086 2243 4133 credere
2263 4084 2472 4134 sensibus
2487 4088 2641 4149 ausis]
2674 4088 2716 4137 1.
2733 4104 2780 4139 e.

1721 4158 1764 4209 si
1800 4156 2023 4218 diffidas,
2071 4166 2127 4209 et
2170 4158 2325 4209 fidem
2362 4161 2582 4225 deroges
2620 4166 2781 4215 sensi·

1721 4234 1850 4285 bus:
1888 4235 1931 4285 si
1953 4234 2114 4299 dicas,
2136 4250 2316 4285 sensus
2342 4251 2458 4287 esse
2482 4237 2713 4289 fallaceis
2727 4248 2785 4291 et
