3200 4959
1132 442 1198 494 r.
1252 442 1613 495 nucnnru
1664 444 1866 493 cAm.
2438 427 2604 497 1739

492 593 667 653 -T.
696 592 950 653 Lucretii
976 592 1109 653 Cari
1137 593 1215 652 de
1242 611 1436 652 rerum
1468 600 1678 651 natura
1701 592 1844 651 libri
1874 610 1995 650 sex.
2020 590 2292 665 Londini,
2322 594 2479 673 typis
2504 598 2605 656 Jo.

414 690 717 767 Brindley.
757 696 848 747 12.
876 706 933 747 c.
962 686 1105 765 figg.
1133 688 1233 747 aeri
1260 688 1480 747 incisis·

500 795 645 853 1751
693 785 762 841 T.
823 783 1081 842 Lucretii
1126 784 1259 843 Cari
1308 783 1385 841 de
1426 801 1620 843 rerum
1661 795 1872 843 natura
1901 782 2036 841 libri
2061 800 2184 841 sex.
2225 782 2470 855 Patavii,
2501 804 2604 843 ex·

411 880 675 939 eudebat
698 881 825 939 Jos.
855 879 1163 938 Cominus.
1188 878 1624 957 8.—Repetitio
1652 879 1926 939 editionis
1960 886 2136 946 1721.

495 982 651 1043 1754
687 974 759 1031 T.
817 974 1073 1033 Lucretii
1128 974 1265 1033 Cari
1311 973 1388 1033 de
1425 995 1618 1035 rerum
1667 985 1874 1036 natura
1915 974 2046 1033 libri
2098 994 2218 1044 sex,
2265 994 2402 1035 oum
2445 975 2604 1036 notis

407 1066 655 1130 Thomae
686 1070 935 1130 Creecb.
966 1070 1215 1129 Londini
1244 1070 1545 1147 (Basileae)
1587 1073 1745 1150 apud
1791 1070 2168 1131 Emanuelem
2192 1069 2596 1131 Thurnisium.

411 1166 813 1227 8.--Pessimo
864 1165 1103 1225 consilio
1146 1166 1550 1243 interpretatio
1592 1188 1645 1226 s.
1687 1166 2068 1244 paraphrasis,
2117 1184 2252 1241 quae
2279 1166 2352 1225 ad
2385 1168 2600 1226 intelli-

408 1262 663 1340 gentiam
693 1267 887 1340 poetae
917 1281 1091 1339 quam
1124 1260 1439 1339 plurimum
1470 1260 1639 1334 facit,
1668 1264 1728 1321 in
1759 1263 1872 1322 hae
1901 1263 1996 1322 ed.
2026 1263 2238 1322 omissa
2265 1272 2392 1321 est.
2437 1265 2598 1341 quod

407 1453 592 1513 altera
617 1452 953 1521 Basileensi,
982 1470 1187 1511 recusa
1222 1459 1397 1520 1770.
1430 1452 1577 1511 bene
1607 1460 1888 1530 recteque
1911 1452 2008 1511 illa
2043 1390 2448 1530 interpretatio
2475 1471 2598 1512 orae

410 1548 585 1609 affixa
614 1549 820 1609 haeret.

414 1676 428 1687 ·
491 1680 571 1691 -
593 1646 846 1716 Parisiis,
876 1642 1036 1722 apud
1071 1644 1323 1705 Barbou.
1361 1652 1453 1705 12.

494 1750 651 1813 1759
690 1743 767 1801 Τ.
816 1739 1075 1799 Lucretii
1109 1739 1245 1798 Cari
1288 1739 1362 1799 de
1398 1759 1588 1799 rerum
1635 1747 1840 1799 natura
1865 1738 2002 1799 libri
2047 1756 2172 1810 sex,
2217 1756 2291 1797 ex
2331 1738 2598 1799 editione

410 1834 655 1895 Thomae
684 1837 927 1897 Creecb.
960 1836 1263 1914 Glasguae,
1291 1836 1668 1896 excutiebant
1692 1836 1847 1896 Rob.
1877 1844 1938 1894 et
1961 1833 2156 1895 Andr.
2203 1834 2420 1895 Foulis.
2452 1846 2510 1894 4.
2539 1843 2602 1893 et

414 1932 727 1994 lah-Vici.
764 1941 941 2002 1749.

496 2024 643 2096 1761
691 2028 1033 2087 Lausaunoe.
1088 2035 1145 2087 8.
1191 2034 1226 2087 2
1282 2025 1420 2087 von.
1467 2044 1606 2084 cum
1648 2024 1915 2085 versione
1971 2024 2174 2084 italica
2219 2024 2386 2084 Alex.
2436 2024 2598 2083 Mar-2

408 2123 611 2183 chetti.

410 2253 423 2263 ·
496 2217 649 2287 1766
694 2218 760 2280 ln
808 2218 1170 2279 Collectione
1198 2217 1525 2281 Pisaurensi
1566 2218 1828 2279 omnium
1854 2226 2214 2295 poematum,
2243 2215 2592 2284 carminum,

407 2312 860 2391 fragmentorum
892 2315 1251 2385 Latinorum,
1300 2318 1417 2373 &Q
1465 2331 1503 2370 a
1544 2313 1738 2389 prima
1769 2313 1989 2373 Latinae
2042 2314 2254 2390 linguae
2299 2320 2472 2371 aetate
2517 2309 2594 2367 ad

412 2420 635 2473 sextum
668 2430 851 2489 usque
879 2409 1097 2471 Christ.
1122 2409 1426 2470 saeculum.
1459 2416 1519 2466 4.

496 2503 647 2575 1768
690 2506 953 2566 Parisiis.
984 2516 1041 2567 8.
1070 2515 1107 2567 2
1139 2506 1279 2564 voli.
1310 2522 1447 2565 cum
1473 2502 1740 2562 versione
1771 2503 2027 2565 Gallica.

496 2612 649 2671 1770
687 2602 761 2659 Τ.
808 2602 1067 2661 Lucretii
1113 2601 1250 2661 Cari
1290 2600 1367 2659 de
1409 2617 1603 2660 rerum
1643 2608 1853 2657 natura
1890 2599 2022 2659 libri
2074 2618 2194 2669 sex,
2249 2618 2381 2657 cum
2439 2597 2596 2657 notis

403 2696 647 2757 Thomae
676 2698 921 2759 Creeeh.
959 2697 1217 2767 Basileae,
1248 2695 1410 2774 apud
1437 2694 1646 2751 Eman.
1673 2693 2068 2755 Thumisium.
2101 2693 2382 2753 8.-Vid.
2417 2703 2594 2760 1754.

406 2848 417 2855 .
490 2804 643 2863 1772
683 2795 756 2855 Τ.
816 2793 1073 2854 Lucretii
1118 2793 1196 2852 de
1236 2809 1425 2851 rerum
1470 2798 1678 2849 natura
1717 2789 1850 2848 libri
1892 2808 2018 2849 sex.
2091 2787 2592 2866 Birminghamiae,

408 2890 567 2966 typis
592 2890 881 2951 Johaunis
914 2889 1289 2949 Baskerville.
1321 2901 1382 2947 4.

497 2992 651 3054 1773
695 2984 914 3045 Eadem
940 2982 1143 3053 editio,
1170 2982 1408 3054 ibidem,
1439 2982 1597 3061 apud
1632 2980 1907 3041 eundem.
1944 2989 2016 3041 12
2051 2981 2187 3056 maj.
2437 3040 2444 3045 ,

414 3136 421 3144 .
495 3082 648 3154 1776
685 3080 759 3141 Τ.
818 3080 1075 3139 Lucretii
1108 3080 1245 3139 Cari
1294 3079 1373 3137 de
1413 3098 1602 3139 rerum
1660 3090 1860 3137 natura
1907 3077 2042 3136 libri
2090 3094 2216 3145 sex,
2258 3094 2392 3134 eum
2437 3076 2590 3135 notis

404 3180 655 3260 Thornae
681 3178 930 3237 Creech.
959 3175 1191 3252 Lipsiae,
1214 3174 1373 3251 apud
1400 3174 1782 3234 Scbwiekert.
1809 3172 2081 3234 8.—Vid.
2117 3179 2290 3240 1754.

495 3277 649 3343 1782
688 3273 766 3332 Τ.
807 3271 1063 3332 Lucretii
1104 3271 1240 3331 Cari
1282 3269 1356 3329 de
1406 3288 1597 3330 rerum
1639 3278 1848 3329 natura
1888 3267 2022 3326 libri
2062 3287 2188 3337 sex,
2239 3265 2313 3325 ad
2341 3266 2592 3341 optimas

404 3369 689 3430 editiones
717 3369 935 3429 collati.
1019 3368 1271 3427 Accedit
1298 3366 1547 3425 varietas
1574 3364 1862 3433 lectionis,
1893 3382 2026 3422 cum
2055 3362 2246 3423 indice
2273 3362 2504 3420 rarioris
2531 3373 2592 3422 et

408 3466 687 3526 obsoletae
736 3465 1079 3525 Latinitatis.
1184 3463 1406 3523 Studiis
1444 3463 1774 3525 Societatis}
1801 3460 2146 3538 Bipontinae.
2232 3459 2489 3538 Biponti,
2517 3482 2588 3521 ex

410 3562 803 3641 typographia
832 3560 1161 3621 Societatis.
1194 3567 1253 3619 8.
1286 3558 1426 3633 maj.

495 3666 649 3725 1784
692 3659 929 3717 Viennae
975 3658 1182 3720 Austr.
1214 3676 1348 3716 cum
1390 3655 1653 3715 versione
1698 3652 2052 3716 Germanica
2094 3654 2156 3713 F.
2188 3654 2268 3713 X.
2301 3654 2500 3731 Mayr.
2531 3662 2590 3715 8.

312 3798 319 3805 -
410 3762 447 3815 2
464 3752 614 3815 voll.

495 3856 649 3918 1787
688 3847 768 3904 Τ.
801 3847 1055 3907 Lucretii
1094 3846 1234 3906 Cari
1272 3846 1347 3903 de
1387 3861 1576 3904 rerum
1621 3853 1828 3904 natura
1853 3845 1986 3906 libri
2013 3865 2136 3916 sex,
2181 3844 2257 3904 ad
2304 3844 2589 3905 Codioem

404 3944 911 4003 vindobonensem
931 3943 1213 4021 expressi.
1260 3940 1463 4000 Edidit
1481 3942 1822 4000 Franciscus
1843 3941 2087 4002 Carolus
2117 3942 2302 4001 Alter.
2324 3940 2586 4009 Viennae,

408 4041 567 4119 apud
615 4041 907 4099 Trattner.
957 4041 1201 4099 8.-Est
1246 4037 1481 4117 quidem
1537 4036 1944 4097 vitiosissimus
1991 4039 2088 4097 hic
2129 4036 2354 4106 Codex,
2383 4035 2588 4095 seculo

407 4153 553 4197 xw.
594 4137 891 4214 scriptusz
934 4134 1213 4211 genuinas
1256 4144 1451 4193 tamen
1480 4132 1724 4193 aliorum
1752 4133 2032 4194 librorum
2063 4132 2370 4203 lectiones,
2400 4139 2586 4211 atque

407 4233 564 4294 haud
593 4233 775 4293 dubie
804 4231 1197 4303 Lucretianas,
1224 4231 1573 4310 saepiuscule
1603 4230 1930 4289 confirmat.
