3200 4959
1124 446 1191 498 τ.
1241 444 1597 497 nuenarii
1648 448 1849 497 oam-
2402 432 2574 499 1736

364 593 659 657 Codicum
681 594 1207 672 manuscriptorum
1225 595 1541 667 emendati,
1562 614 1633 655 ac
1651 594 1774 656 fere
1784 592 2184 675 redintegrati,
2209 604 2269 657 et
2285 606 2571 675 praeterea

364 690 664 763 brevibus,
708 710 781 751 nc
829 709 1113 769 perquam
1164 690 1407 749 utilibus
1452 691 1885 752 commentariis
1934 691 2244 751 illustrati:
2283 712 2442 755 nunc
2489 696 2568 753 ab

362 786 573 847 eodem
603 788 910 865 recogniti,
938 796 1001 849 et
1025 789 1201 866 longe
1231 788 1501 848 meliores
1533 788 1697 858 sacti,
1724 788 2012 867 planeque
2058 788 2116 846 in
2167 806 2330 850 suam
2369 789 2570 865 pristi-

358 902 497 944 nam
547 884 935 962 integritatem
964 883 1251 944 restituti:
1301 902 1435 945 cum
1464 884 1681 945 iisdem
1711 885 2160 958 commentariis,
2189 886 2325 963 plns
2357 896 2569 963 quarta

358 992 531 1059 parte
576 980 783 1039 auctis.
842 982 1231 1039 Accesserant
1276 979 1407 1039 haec
1454 990 1758 1057 praeterea,
1818 981 1958 1041 Vita
2012 982 2290 1053 Lucretii,
2357 983 2568 1041 eodem

359 1076 649 1135 Lambino
676 1084 941 1136 auctore.
1010 1075 1229 1136 Praeter
1254 1094 1388 1135 eum
1416 1076 1694 1148 indicem,
1725 1077 1828 1155 qui
1858 1079 1917 1137 in
1945 1078 2222 1139 omnibus
2249 1078 2376 1137 aliis
2407 1078 2570 1137 libris

360 1183 501 1231 ante
528 1173 821 1251 impressis
847 1170 991 1250 poni
1018 1172 1226 1232 solitus
1254 1181 1369 1242 est,
1400 1172 1632 1233 indices
1661 1174 1758 1232 alii
1785 1176 1925 1244 duo,
1971 1194 2122 1233 unus
2167 1192 2380 1245 rerum,
2431 1192 2567 1250 quie

360 1280 501 1329 sunt
533 1270 589 1327 in
620 1278 901 1329 contextu
930 1269 1206 1342 Lucretii,
1234 1278 1297 1329 et
1325 1288 1537 1328 vocum
1566 1270 2094 1349 elocutionumque
2143 1269 2261 1329 fere
2304 1271 2566 1329 omnium

359 1366 873 1425 Lucretianarum:
926 1365 1091 1436 alter,
1131 1382 1331 1424 earum
1374 1384 1587 1436 rerum,
1651 1385 1790 1443 quae
1833 1376 1969 1426 sunt
2019 1367 2076 1425 in
2129 1366 2566 1427 commentariis

356 1460 650 1521 Lambini.
696 1459 968 1531 Lutetiae,
999 1460 1159 1539 apud
1188 1462 1285 1520 Jo.
1332 1462 1720 1523 Benenatum.
1754 1471 1812 1521 4.

441 1556 595 1625 1576
636 1556 909 1617 Lambini
938 1572 1032 1616 1v.
1061 1558 1188 1617 sine
1213 1559 1678 1618 commentariis·
1719 1560 1798 1617 T.
1839 1559 2098 1619 Lucretii
2123 1559 2260 1620 Cari
2279 1559 2354 1619 de
2371 1579 2562 1621 rerum

352 1661 563 1712 natura
588 1652 721 1711 libri
749 1672 873 1726 sex,
900 1672 935 1712 a
968 1654 1255 1731 Dionysio
1294 1654 1585 1713 Lambino
1633 1662 1696 1713 et
1739 1654 1882 1715 Adr.
1925 1654 2210 1719 Turnebo
2261 1657 2562 1735 recogniti·

353 1745 645 1826 Lugduni,
674 1750 835 1829 apud
866 1754 1006 1809 Ant.
1036 1750 1394 1828 Gryphium.
1434 1749 1914 1827 16.-Repetitio
1941 1750 2038 1810 ed.
2076 1750 2251 1812 1565.

440 1854 591 1909 1583
634 1847 907 1907 Lambini
946 1864 1012 1907 v.
1059 1847 1138 1907 Τ.
1199 1844 1454 1904 Lucretii
1482 1847 1618 1906 Cari
1645 1846 1724 1909 de
1751 1868 1943 1908 rerum
1973 1856 2178 1906 natura
2210 1847 2344 1907 libri
2373 1866 2495 1919 sex,
2525 1867 2562 1907 a

354 1943 640 2022 Dionysio
671 1944 959 2003 Lambino
974 1941 1265 2002 emendati
1287 1949 1349 2000 et
1370 1944 1803 2002 commentariis
1826 1943 2120 2002 illustrati.
2165 1942 2558 2015 Francofurti,

351 2040 510 2119 apud
542 2039 805 2099 haeredes
831 2044 908 2099 A.
940 2038 1222 2099 Wecheli.
1256 2039 1485 2097 8.--Ex
1514 2038 1612 2098 ed.
1649 2047 1825 2107 1570.
1852 2056 2081 2099 recusa.

436 2144 593 2207 1589
632 2136 997 2213 Antverpiae,
1026 2133 1189 2212 apud
1217 2131 1571 2194 Plautinum.
1606 2144 1701 2197 12.
1731 2144 1794 2194 et

425 2231 782 2311 ——Lugduni
813 2234 949 2291 But.
988 2230 1319 2293 12.-Bih1.
1350 2230 1644 2289 Emtinck.
1674 2232 1742 2291 P.
1776 2246 1870 2291 w.
1901 2250 2040 2310 pag.
2071 2239 2214 2291 438.
2236 2249 2296 2289 n.
2326 2238 2467 2299 387.
2497 2241 2560 2291 et

349 2336 496 2389 388.

356 2446 365 2453 ·
434 2432 587 2495 1595
629 2426 707 2484 Τ.
738 2424 998 2486 Lucretii
1029 2425 1165 2485 Cari
1192 2426 1270 2485 de
1310 2446 1499 2485 rerum
1529 2434 1741 2484 natura
1768 2425 1902 2485 libri
1933 2444 2054 2495 sex,
2085 2423 2160 2484 ad
2191 2435 2556 2502 postremam

346 2519 625 2599 Giphanii
652 2522 1121 2581 emendationem
1150 2522 1425 2583 restituti.
1471 2521 1745 2598 Lugduni
1791 2522 1923 2581 But.
1969 2521 2132 2599 apud
2188 2522 2391 2580 Franc.
2439 2518 2559 2577 Ra-

344 2617 737 2695 phelengium.
770 2624 826 2676 8.

430 2712 583 2783 1596
623 2712 920 2789 Lugduni.
958 2720 1049 2773 12.
1082 2732 1155 2771 ex
1181 2712 1451 2773 Lambini
1478 2722 1539 2771 et
1564 2710 1828 2770 Turnebi
1857 2710 2272 2789 recognitione.

426 2815 581 2880 1597
623 2809 893 2885 Lugduni
919 2811 1049 2869 Bat.
1078 2809 1238 2887 apud
1267 2810 1630 2888 Rapheleng.
1668 2817 1762 2869 12.

426 2904 579 2966 1603
621 2906 899 2966 Genevae.
948 2914 1007 2964 4.
1057 2906 1113 2964 in
1154 2907 1413 2984 Corpore
1450 2904 1711 2963 omnium
1745 2911 2008 2963 veterum
2047 2902 2357 2963 Poetarum
2397 2902 2556 2963 Lati-

347 3020 575 3061 norum.

421 3096 577 3159 1606
618 3097 889 3176 Lugduni
919 3099 1049 3158 Bat.
1077 3097 1234 3176 apud
1262 3097 1629 3177 Rapheleng.
1667 3107 1763 3159 12.

427 3194 573 3255 1611
621 3196 889 3275 Lugduni
960 3198 1092 3255 Bar.
1148 3196 1305 3276 apud
1366 3196 1730 3273 Rapheleng.
1793 3202 1884 3254 12.
1943 3212 2118 3273 quam
2179 3193 2555 3252 vehementer

338 3293 714 3352 commendat
752 3292 1022 3352 Bartbius
1076 3291 1151 3351 ad
1197 3291 1443 3351 Statium
1492 3291 1665 3350 Tom.
1722 3306 1831 3349 111.
1882 3309 2019 3368 pag.
2061 3298 2159 3350 81.
2206 3298 2269 3348 et
2307 3308 2344 3347 a
2383 3289 2553 3347 Justo

338 3388 544 3464 Lipsio
574 3391 969 3451 curatam'ait.

326 3504 332 3510 ⁵
415 3486 782 3545 —r-Genevae.
810 3489 871 3544 4.
912 3486 970 3543 in
1000 3487 1261 3564 Corpore
1281 3485 1592 3545 Poetarum
1623 3483 1958 3542 Latinorum
1989 3480 2086 3541 ed.
2124 3495 2206 3539 11.

424 3578 576 3639 1616
617 3581 908 3660 Lugduni,
976 3582 1033 3641 in
1098 3583 1362 3660 Corpore
1432 3581 1746 3641 Poetarum
1838 3578 2175 3638 Latinorum
2225 3577 2309 3637 ab
2377 3575 2544 3637 Alex.

348 3676 595 3737 Ficlieto
616 3679 798 3739 edito.
824 3690 881 3739 4.

418 3777 937 3836 —Amstelodami.
974 3786 1070 3839 12.

420 3868 575 3933 1620
618 3873 1061 3945 Amstelodami,
1088 3872 1247 3951 apud
1277 3872 1437 3931 Guil.
1460 3871 1852 3931 Janssonium.
1883 3876 1982 3931 24.

423 3967 579 4029 1626
619 3970 1065 4030 Amstelodami.
1096 3978 1193 4032 24.

421 4064 576 4134 1627
618 4067 903 4126 Genevae.
934 4076 993 4124 4.
1022 4068 1079 4125 in
1106 4067 1373 4144 Corpore
1400 4064 1714 4123 Poetarum
1744 4061 2080 4122 Latinorum
2107 4058 2202 4117 ed.
2235 4072 2345 4116 111.

418 4160 567 4222 1631
614 4163 692 4221 Τ.
745 4162 1004 4223 Lucretii
1034 4161 1170 4222 Cari
1197 4161 1277 4220 de
1303 4180 1494 4220 rerum
1530 4168 1735 4222 natura
1763 4159 1896 4218 libri
1926 4178 2048 4225 sex,
2085 4152 2240 4213 notis
2269 4151 2549 4213 breviori*

331 4255 443 4318 bus
480 4276 551 4315 ex
582 4256 711 4336 ipso
751 4258 1119 4338 potissimum
1161 4265 1401 4318 auctore
1456 4255 1758 4317 succincte
1793 4264 1854 4315 et
1891 4252 2204 4333 perspicue
2239 4248 2547 4311 illustratix
