3200 4959
603 429 777 495 1448

604 588 727 637 leus
758 585 879 637 est!
910 586 1009 636 hoc
1032 599 1237 637 carmen
1262 603 1293 636 ει
1314 569 1551 652 sequenti
1580 600 1662 637 se-

604 663 895 729 parandum
932 669 1031 714 est.
1110 662 1215 713 Alii
1258 669 1660 728 recognoscunt,

608 739 857 788 Interdum
875 738 927 786 in
955 738 1127 801 pallam
1160 743 1207 788 et
1236 741 1397 802 qualos
1426 744 1475 788 et
1494 740 1661 800 jachin

605 821 811 865 vertunt.
852 815 1009 865 lectio
1042 816 1275 878 superior
1307 815 1662 865 accommoda-

607 891 711 941 tior
728 896 827 940 est.
859 892 999 940 Pius.
1068 891 1312 940 Interdum
1330 891 1386 940 ιἰι
1405 890 1591 954 pallam,
1604 907 1662 940 ae

608 967 900 1027 Melitensis,
927 968 1111 1030 Oeaque
1130 972 1339 1016 vertunt.
1400 968 1489 1016 Sic
1512 967 1662 1016 resti-

604 1043 710 1092 tuit
730 1042 855 1091 Adr.
875 1042 1099 1092 Turneb.
1118 1057 1207 1091 seu
1226 1043 1398 1105 potius
1414 1041 1661 1092 Gulielm.

607 1119 953 1181 Pellisserius,
974 1119 1261 1182 Episcopus
1283 1119 1660 1182 Mompessuls-

606 1208 722 1257 nus,
754 1199 963 1244 secutus
1000 1194 1224 1257 vestigia
1257 1200 1489 1242 veterum
1520 1193 1661 1243 c‘odi·

604 1283 741 1319 cum.
802 1269 889 1320 Sic
911 1269 1046 1318 enim
1063 1269 1257 1318 habeut
1275 1268 1515 1317 Vaticsu.
1536 1268 1659 1318 Tet-

607 1346 735 1394 tian.
757 1345 941 1395 Ριξξι-ιι.
979 1346 1227 1394 Interdum
1260 1343 1313 1392 in
1350 1346 1545 1407 pallent,
1582 1348 1660 1392 at-

608 1435 697 1484 que
715 1421 1194 1484 allidensjaewchiaqnoe
1214 1425 1429 1470 vertunt.-
1450 1421 1662 1485 quibus-

608 1512 725 1548 cum
747 1505 1047 1562 congruunt
1063 1498 1255 1546 Veneti
1276 1499 1436 1561 antiq.
1461 1499 1660 1550 Bertin.

605 1575 701 1636 sic,
724 1575 969 1624 Interdum
1001 1575 1051 1622 in
1081 1575 1258 1637 pallam
1288 1574 1516 1622 elidendo
1534 1573 1662 1622 chia-

606 1665 694 1712 que
710 1655 913 1698 vertunt.
946 1649 1307 1709 Memmisnus,
1342 1650 1589 1699 Interdum
1609 1651 1662 1699 in

605 1727 802 1790 pallam,
834 1732 975 1789 alque
993 1726 1220 1775 elidensia
1240 1726 1433 1788 alliaque
1452 1731 1660 1776 vertunt.

610 1803 825 1866 'Vulgati
847 1809 1023 1851 autem
1045 1803 1186 1850 varie
1220 1801 1490 1865 depravati
1524 1807 1660 1852 sunt.

611 1877 701 1928 alii
736 1878 873 1926 euim
904 1876 1120 1938 hubent,
1152 1876 1395 1926 Interdum
1417 1877 1470 1924 in
1487 1879 1666 1939 pallam

610 1959 661 2002 et
682 1953 857 2016 qualos,
888 1957 937 2002 et
958 1951 1187 2012 janthina
1205 1957 1413 2014 vertunt,
1448 1958 1507 2002 ut
1526 1954 1664 2016 Lng-

610 2029 891 2079 dunenses:
930 2029 1035 2090 alii,
1063 2027 1306 2076 Interdum
1338 2028 1597 2090 inponam,
1619 2033 1668 2076 et

613 2107 792 2167 qualos,
824 2111 871 2154 et
894 2104 1087 2166 jesechin
1118 2108 1327 2165 vertunt,
1351 2111 1411 2153 ut
1432 2105 1666 2156 Florent.

614 2189 670 2230 et
690 2184 881 2232 venet.
904 2179 1255 2230 recentiores:
1293 2180 1397 2243 alii,
1424 2181 1669 2230 Interdum

612 2258 667 2306 ἰιι
684 2259 835 2320 pallas
867 2263 916 2305 et
941 2257 1131 2316 aclides,
1152 2261 1199 2305 et
1208 2255 1365 2316 juti-ia
1384 2262 1589 2319 vertunt,
1611 2263 1669 2306 ut

615 2332 964 2383 Parisienses:
1001 2346 1115 2395 quae
1158 2332 1415 2394 scriptura
1456 2347 1486 2380 a
1530 2334 1667 2396 Bap-

612 2409 740 2458 tista
761 2408 877 2470 Pio,
897 2405 1103 2456 homine
1142 2407 1328 2456 nullius
1352 2407 1559 2469 judicii,
1580 2423 1670 2457 ex·

611 2489 841 2552 cogitata
862 2492 958 2536 est.
995 2487 1185 2535 Exstat
1205 2491 1259 2534 et
1280 2486 1410 2546 haec,
1423 2485 1672 2535 Interdum

614 2565 667 2612 in
684 2564 879 2626 pallam,
908 2567 956 2612 et
986 2563 1161 2622 stlitas,
1182 2565 1230 2610 et
1245 2560 1442 2622 ‚fantino
1462 2567 1670 2612 emunt.

617 2641 761 2704 cujus
782 2653 949 2702 neque
972 2638 1247 2698 rationem,
1274 2651 1443 2700 neque
1465 2642 1672 2687 senten-

613 2717 741 2764 tiam
758 2715 926 2764 video.
948 2713 1036 2763 Sic
1052 2713 1224 2776 igitur,
1238 2720 1299 2762 ut
1312 2713 1672 2764 excudendum

613 2791 812 2853 curavi,
835 2806 952 2840 cum
980 2789 1101 2840 Gul.
1134 2789 1431 2838 Pellisserio
1465 2796 1521 2847 et
1543 2789 1673 2839 Adr.

611 2868 853 2917 Turnebo
889 2867 1163 2930 legendum
1188 2873 1330 2930 puto.
1396 2867 1465 2915 Et
1503 2873 1674 2915 tamen

618 2950 725 2994 vet.
747 2942 899 2992 codd.
923 2943 1207 3004 scripturas
1230 2943 1493 3005 proposui,
1525 2948 1599 3004 ut,
1631 2945 1674 2992 si

622 3025 737 3084 quis
758 3018 1071 3082 ingeniosior
1104 3017 1357 3066 veriorem
1390 3017 1672 3067 lectionem

619 3095 919 3160 excogitare
958 3091 1175 3158 poterit,
1211 3092 1399 3141 habeat
1421 3099 1688 3157 paratum?

618 3172 756 3221 unde
800 3169 1034 3234 adjuvari
1078 3169 1258 3234 possit.
1325 3168 1447 3219 Jam
1479 3172 1672 3220 vesteis

614 3247 937 3298 Melitenseis
959 3252 1015 3296 et
1050 3246 1179 3296 Ceas
1216 3246 1269 3294 in
1306 3245 1477 3308 pretio
1510 3244 1671 3296 fuisse

615 3323 791 3372 sciunt
816 3323 899 3370 vel
912 3321 1240 3370 mediocriter
1252 3321 1413 3370 docti.
1435 3323 1512 3371 M.
1529 3323 1669 3373 Tull.

615 3398 773 3448 Verr.
790 3401 840 3446 4.
865 3397 1065 3461 dejure
1086 3396 1345 3445 dicundo:
1382 3397 1399 3424 ‘
1416 3397 1531 3447 Jam
1567 3413 1670 3448 uon

616 3488 794 3539 quaero
830 3472 969 3521 unde
1010 3484 1156 3520 ccco.
1202 3471 1473 3536 amphoras
1502 3475 1670 3524 mellis

610 3549 871 3612 habueris,
890 3547 1028 3598 unde
1060 3551 1259 3596 tantum
1279 3547 1672 3612 Melitensium,’

616 3629 717 3675 ὅτε..
754 3625 880 3674 ibid.
930 3624 947 3651 ‘
969 3623 1071 3673 Sed
1122 3629 1389 3673 tantumne
1426 3623 1672 3675 Meliten-

620 3703 783 3750 sium?
818 3701 965 3764 quasi
1001 3700 1156 3748 etiam
1182 3701 1461 3750 amicorum
1484 3715 1669 3752 uxores

620 3783 891 3828 ornaturus
930 3775 1105 3838 esses,’
1142 3778 1241 3824 ὅτε.
1275 3777 1353 3825 ita
1374 3777 1510 3826 enim
1528 3785 1670 3826 utro-

612 3848 772 3917 bique
816 3853 1091 3917 legendum
1137 3859 1237 3915 est,
1287 3858 1347 3901 ut
1384 3853 1401 3881 ⁴
1424 3853 1670 3902 Meliten·

618 3928 778 3980 sium’
808 3931 878 3978 sit
912 3945 943 3978 a
974 3937 1120 3978 recto
1142 3943 1263 3977 casu
1304 3929 1319 3956 ‘
1340 3928 1679 3993 Melitensia,'

582 4033 590 4040 ·
618 4021 828 4057 numero
850 4005 1111 4056 multitud.
1145 4019 1452 4068 quamquam
1488 4005 1595 4054 scio
1615 4006 1670 4054 in

618 4085 847 4134 editione
900 4081 1167 4133 Ciceronis
1220 4083 1501 4132 Parisiensi
1551 4083 1669 4132 anni

623 4165 771 4211 1565.
819 4160 1120 4222 impressum
1168 4173 1300 4219 esse,
1336 4163 1519 4208 tantam
1560 4160 1669 4208 Me-

616 4240 832 4288 litensem
852 4241 1041 4298 vestem,
1058 4237 1212 4300 culpa
1233 4250 1503 4300 operarum
1524 4252 1538 4285 ι
1580 4235 1669 4300 qui

608 4313 750 4382 'quod
796 4320 909 4364 erat
950 4312 1269 4377 sumendum,
1310 4313 1662 4378 reliqueruut=

1304 445 1521 494 NOTAE
1570 444 1971 494 vsmonum
2023 445 2103 494 IN

1737 587 1874 652 qnod
1887 587 2298 652 relinquendum,
2315 589 2482 638 secuti
2499 595 2636 640 sunt.
2657 589 2798 643 Plin.

1731 662 1822 712 lib.
1859 667 1910 714 4.
1946 663 2015 713 de
2051 665 2158 714 Ceo
2195 665 2383 725 insula,
2408 665 2525 713 ‘Ex
2550 667 2682 728 lisc,'
2715 668 2798 717 iu-

1733 739 1865 802 quit,
1886 739 1904 766 ‘
1923 737 2592 803 profectam-delicatiorem
2630 739 2798 791 faemi-

1731 815 1810 863 nis
1830 821 2028 864 vestem
2065 821 2247 864 auctor
2282 825 2362 864 est
2394 815 2596 867 ναι-ποῖ
2627 816 2800 866 Lemo.

1733 891 2026 954 Melt'tensiu,
2065 893 2250 954 Oeaque
2287 897 2497 952 vertunt,
2532 892 2666 941 hanc
2707 907 2797 942 νεα

1732 981 1842 1016 ram
1867 972 1992 1032 puto
2025 967 2350 1032 scripturam.
2420 967 2554 1017 Vide
2575 975 2632 1018 et
2651 969 2800 1020 Iudi·

1733 1057 1866 1095 cem.
1901 1046 2023 1096 vet.
2042 1045 2161 1094 libri
2181 1051 2383 1094 tamen:
2419 1045 2648 1094 elidenda
2668 1047 2800 1095 chia·

1731 1116 1840 1183 quefi
1880 1121 2098 1185 habent,
2137 1127 2193 1171 et
2237 1122 2444 1186 quidam
2487 1127 2620 1171 vett.
2657 1127 2800 1186 atque

1730 1196 1980 1244 elidentis.
2038 1195 2215 1246 Gisan.
2294 1196 2532 1244 Vestiam
2585 1209 2799 1259 genera,

1733 1270 1801 1321 ab
1823 1271 2000 1321 insulis
2023 1273 2162 1322 uude
2183 1271 2595 1322 advehebantur.
2637 1273 2804 1324 Diod.

1733 1347 1946 1399 alicubi.
1993 1347 2160 1397 Locus
2195 1349 2465 1399 Ciceronis
2486 1349 2801 1412 notissimus,

1735 1431 1794 1473 ut
1815 1431 1871 1474 et
1893 1425 1982 1474 ille
2007 1426 2138 1474 alter
2158 1425 2337 1475 Plinii.
2406 1426 2651 1476 Ceterum
2683 1425 2799 1475 liaec

1732 1500 1890 1550 lectio
1947 1516 1979 1550 a
2027 1501 2278 1550 Turuebo
2343 1501 2629 1550 constituta
2681 1499 2802 1552 fuit.

1735 1576 1908 1626 Faber.
1977 1577 2252 1626 Melitensis
2277 1577 2480 1640 Oeaque,
2506 1577 2800 1639 Hesychius

1735 1651 1962 1716 Μελίτειι,
1983 1649 2132 1702 bodun(
2151 1671 2258 1702 τινα
2278 1649 2472 1716 διάφορα
2503 1653 2558 1700 ἐκ
2589 1651 2802 1710 Μελίτης

1731 1729 1820 1784 τῆς
1861 1726 2038 1785 νήσους
2077 1727 2261 1777 Cicero
2298 1728 2521 1776 Verrius
2565 1726 2800 1776 secunda

1734 1804 1968 1855 meminit
1983 1804 2250 1854 multoties
2273 1805 2289 1833 ⁴
2311 1803 2664 1854 Melitensium
2682 1817 2797 1854 ves-

1739 1877 1900 1941 tium‚'
1923 1887 1979 1929 et
1999 1880 2223 1929 Verrius
2240 1887 2424 1943 quarta
2443 1879 2676 1928 Melitam
2701 1894 2796 1942 op-

1720 1953 1916 2022 'pidum
1937 1955 2091 2004 Verri
2123 1955 2198 2003 ait
2231 1955 2247 1984 ‘
2267 1955 2549 2003 textrinum
2591 1969 2686 2018 per
2706 1955 2802 2004 tri-

1739 2029 1942 2077 ennium
1967 2029 2031 2078 nd
2055 2029 2362 2078 muliebrem
2401 2036 2603 2079 vestem
2637 2029 2800 2079 confi-

1741 2103 1976 2153 ciendam
2015 2103 2211 2167 fuisse‚'
2243 2111 2298 2154 et
2327 2105 2466 2154 inter
2491 2104 2798 2154 Melitenses

1741 2179 1968 2230 artifices
1990 2181 2314 2230 commendet
2348 2181 2578 2244 inprimis
2601 2180 2800 2230 Diodo-

1741 2271 1842 2317 rus,
1861 2254 1973 2305 τοὺς
1989 2255 2138 2306 ὀθόνια
2167 2257 2416 2305 ποιοῦντας
2449 2258 2513 2320 τῇ
2541 2274 2594 2304 τε
2627 2249 2805 2304 aei-ra-

1737 2347 1846 2388 τητι
1868 2331 1946 2380 καὶ
1967 2334 2030 2397 τῇ
2062 2331 2356 2392 μαλακότητι
2392 2333 2654 2396 διαπρεπῆι
2694 2332 2804 2381 Bo·
2863 2364 2866 2365 ν

1741 2407 1966 2456 chartus.
2003 2409 2195 2458 Creech.

1808 2487 1935 2532 1124
1969 2485 2169 2533 eximia
2187 2489 2332 2546 veste,
2366 2490 2416 2534 et
2455 2485 2606 2548 victu]
2638 2484 2694 2535 si
2714 2485 2801 2534 hic

1740 2571 1920 2608 versus
1939 2561 2126 2608 mendo
2145 2567 2310 2623 caret,
2332 2561 2539 2610 videtur
2555 2575 2668 2610 esse
2685 2563 2798 2612 haec

1745 2636 1906 2684 totius
1926 2637 2029 2686 loci
2047 2639 2337 2686 sententia:
2373 2652 2482 2687 rem
2503 2639 2798 2688 vestiariam

1745 2717 1801 2761 et
1835 2710 2110 2763 facultates
2147 2714 2210 2763 sd
2247 2714 2446 2763 victum
2485 2703 2800 2764 necessarias

1745 2788 2008 2838 insumunt
2041 2789 2096 2838 in
2135 2789 2370 2839 convivia
2401 2796 2460 2838 et
2483 2791 2714 2853 opsonia,
2747 2790 2802 2838 in

1743 2863 1914 2923 ludos,
1949 2865 2004 2912 in
2035 2866 2241 2929 pocula,
2266 2871 2544 2928 unguenta,
2563 2879 2800 2926 coronas,

1744 2945 1900 2990 serta.
1931 2939 2098 2991 Lamb.
2161 2941 2432 3002 Convivis,
2452 2954 2664 3004 quornm
2687 2955 2804 2990 ves-

1744 3021 1828 3064 tes
1882 3017 2142 3078 strsgulae‚
2195 3015 2448 3075 culcitrae,
2495 3014 2805 3077 pulvinaria,

1745 3091 1842 3139 ὅτε.
1863 3089 2104 3154 exquisiti
2128 3090 2300 3153 operis
2324 3096 2458 3140 sunt.
2478 3089 2648 3139 Faber.

1810 3170 1940 3214 1126
1975 3166 2294 3230 Nequiquam]
2318 3166 2405 3215 Ita
2428 3172 2556 3216 vett.
2571 3166 2801 3230 quidam.

1749 3242 1917 3302 Gisan.

1807 3319 1972 3368 Medio
1991 3317 2200 3378 defoute
2215 3321 2306 3382 lep.
2325 3333 2455 3380 surg.
2471 3317 2590 3380 um]
2607 3319 2687 3367 Ex
2701 3333 2800 3382 quo

1743 3395 2061 3462 γλυκύπικρον
2111 3397 2240 3446 illud
2281 3397 2468 3446 amoris
2510 3411 2543 3445 s
2597 3397 2799 3446 Graecis

1745 3473 1964 3536 dictum,
1987 3475 2022 3524 i.
2049 3489 2096 3523 e.
2117 3478 2134 3500 ⁶
2154 3473 2305 3522 dulce
2328 3487 2445 3522 cum
2479 3487 2652 3522 amaro
2675 3487 2796 3523 con·

1735 3549 2015 3612 junctum!
2053 3550 2129 3598 sic
2171 3550 2345 3598 Plaut.
2386 3549 2514 3600 Cist.
2551 3552 2600 3597 1.
2633 3553 2681 3599 1.
2715 3553 2800 3598 ⁷1.

1742 3626 2012 3690 ‘Namque
2045 3631 2249 3673 ecastor
2289 3637 2432 3672 amor
2465 3631 2520 3674 et
2557 3625 2708 3673 melle
2743 3632 2799 3673 et

1740 3699 1862 3750 felle
1899 3709 1982 3750 est
2015 3700 2444 3750 foecundissimus.
2508 3700 2682 3750 Gustu
2703 3699 2798 3751 dat

1742 3775 1928 3824 dulce:
1969 3789 2198 3826 amarum
2221 3776 2288 3826 ad
2309 3777 2603 3825 satietatem
2635 3789 2798 3840 usque

1739 3851 1980 3916 aggerit.’
2011 3852 2178 3903 Lamb.
2685 3855 2690 3859 ’

1808 3935 1936 3979 112⁷
1972 3931 2034 3977 In
2064 3929 2184 3992 ipsis
2205 3930 2436 3994 floribus]
2468 3931 2550 3979 Ἐν
2579 3933 2686 3980 ταῖς
2703 3933 2800 3980 τῶν

1743 4005 1917 4066 ἡδονῶν
1936 4005 2120 4068 ἀκμαῖς,
2143 4005 2178 4054 i.
2213 4019 2260 4054 e.
2285 4013 2392 4055 tum
2414 4008 2662 4070 maxime,
2681 4023 2798 4057 cum

1740 4097 1888 4132 amor
1907 4095 2022 4130 suas
2063 4080 2297 4143 delicias,
2331 4097 2584 4147 suumque
2617 4090 2801 4132 nectar

1743 4157 2035 4208 amantibus
2054 4157 2315 4221 propinat.
2351 4157 2517 4206 Lamb.

1810 4237 1938 4282 1128
1970 4233 2075 4280 Aut
2115 4233 2237 4294 quod
2280 4229 2515 4292 conscius]
2563 4231 2652 4280 Slc
2687 4229 2803 4295 jam

1741 4307 2000 4359 edendum
2025 4307 2198 4357 curavi
2217 4306 2272 4354 in
2288 4319 2394 4357 sec.
2417 4305 2667 4358 editione.
2735 4308 2801 4363 In
