3200 4959
591 464 666 513 τ.
709 464 1068 515 nucnnrn
1115 464 1295 515 cun
1347 464 1442 515 ns
1489 466 1759 519 unnim
1808 466 1985 517 uxr.
2036 470 2185 519 ms.
2232 469 2335 517 iv.
2421 452 2595 519 1427

402 614 580 657 catus:
609 619 798 673 neque,
835 608 968 658 utin
991 608 1122 667 aliis,
1142 608 1279 671 soept't
1299 608 1464 657 coitus.

404 683 585 733 Errati
605 699 806 735 causam
830 692 958 749 puto
993 685 1276 748 praebuisse
1309 685 1462 734 libra-

401 755 512 819 riis,
535 766 624 809 aut
642 759 966 809 librariorum
988 760 1178 822 operis,
1211 760 1463 822 posterio-

403 850 514 884 rem
535 836 784 897 syllabam
809 835 951 884 verbi
981 836 997 861 ⁶
1017 834 1169 899 saepit
1187 834 1202 859 ’
1233 836 1460 899 brevem,

401 920 679 973 exceptam
703 924 734 959 a
757 910 939 971 vocali,
966 924 1083 959 cum
1105 910 1462 961 existimarent

400 986 975 1048 necessario·dactylum
995 986 1225 1034 hocloco
1239 1000 1355 1035 esse
1373 986 1460 1035 de-

400 1061 544 1110 bere.
611 1062 699 1110 Ita
719 1059 912 1111 factum
934 1066 1030 1121 est,
1050 1066 1110 1109 ut
1131 1062 1268 1111 inune
1289 1063 1457 1111 locum

401 1138 752 1203 corruperint,
795 1142 852 1187 et
899 1138 1053 1188 modo
1094 1139 1460 1201 supposuerint

400 1216 541 1279 περιέ
563 1220 729 1275 «κείω,
757 1212 910 1263 modo
941 1214 1083 1276 soepit
1111 1218 1289 1277 septus.
1350 1214 1458 1263 Sed

401 1290 574 1340 sciunt
596 1290 759 1353 docti,
795 1289 1108 1339 tribrachum
1130 1301 1226 1352 pro
1249 1288 1458 1353 dactylo

401 1366 661 1419 interdum
700 1366 824 1429 poni
855 1365 1043 1426 solere,
1078 1379 1181 1414 non
1215 1365 1378 1414 solum
1403 1364 1458 1414 in

399 1442 556 1491 tertia
587 1440 732 1497 sede,
753 1455 931 1490 verum
957 1441 1115 1490 etiam
1138 1440 1190 1489 in
1212 1438 1457 1489 secunda.

399 1518 546 1580 virg.
565 1518 673 1569 AEn.
689 1523 740 1568 4.
758 1522 841 1569 64.
863 1516 1199 1566 ‘Pectoribus
1220 1514 1456 1564 inhians-⁹

403 1594 480 1643 sic
513 1608 626 1657 sup.
651 1595 856 1643 Luci-et.
881 1591 1001 1641 eod.
1023 1591 1115 1641 lib.
1138 1595 1252 1640 34⁰.
1286 1592 1302 1620 ‘
1323 1589 1460 1639 Ater

398 1668 497 1718 init
515 1668 722 1719 oculos!
741 1681 1048 1733 quamquam
1062 1667 1184 1715 ‘init
1198 1665 1212 1687 ’
1235 1666 1321 1714 illo
1339 1665 1458 1714 loco

399 1746 657 1807 praeteriti
669 1736 924 1808 'temporis
948 1758 1061 1792 esse
1084 1750 1281 1805 potest,
1309 1746 1368 1790 ut
1389 1743 1457 1791 sit

400 1820 566 1870 ‘init'
601 1836 696 1884 pro
731 1821 863 1869 iniit.
906 1825 960 1869 et
997 1818 1130 1868 Hor.
1175 1816 1280 1867 Od.
1320 1821 1364 1867 1.
1405 1818 1456 1867 3.

398 1898 414 1925 ⁸
438 1896 686 1959 Pet-rupit
715 1895 1020 1945 Acherunta
1056 1892 1348 1942 Herculeus
1386 1892 1458 1939 la-

397 1972 528 2021 bor.’
589 1971 735 2021 Idem
771 1972 881 2021 Sat.
904 1974 954 2019 2.
979 1973 1028 2019 3.
1060 1967 1342 2019 ‘Exclusus
1366 1966 1455 2030 qui

397 2048 582 2107 distat,
618 2048 728 2107 agit
758 2046 848 2094 ubi
870 2051 1192 2105 secum,··eat,
1215 2058 1278 2091 an
1303 2056 1404 2091 non
1421 2040 1454 2091 ξ’

395 2124 532 2173 Cum
571 2123 684 2171 haec
721 2120 1010 2179 edidissem,
1045 2119 1218 2169 Zoilus
1255 2116 1460 2166 censuit

393 2198 695 2261 legendum,
735 2198 872 2260 sapit
913 2198 1092 2245 coitus.-
1143 2195 1284 2259 quod
1328 2193 1458 2244 ferri

397 2288 500 2324 non
524 2278 718 2337 potest,
737 2287 906 2337 neque
921 2272 1070 2321 coitus
1088 2271 1282 2320 aditum
1303 2270 1458 2333 signi-

393 2350 554 2401 ficat:
591 2364 706 2415 quae
741 2364 843 2397 vox
869 2349 956 2421 'bic
991 2347 1338 2396 desideratur.
1371 2359 1458 2393 ne·

395 2442 498 2492 que
521 2427 672 2477 coitus
705 2439 859 2487 porro
879 2437 1046 2487 neque
1074 2421 1231 2471 coetus
1265 2422 1348 2470 hic
1383 2421 1457 2471 lo-

397 2517 512 2551 cum
535 2500 728 2553 habere
752 2507 990 2565 possunt,
1019 2512 1137 2563 quae
1161 2511 1316 2547 voces
1338 2510 1457 2546 con-

397 2591 628 2643 gressum
672 2584 729 2625 et
777 2580 1090 2624 conventum
1144 2571 1458 2635 significant.

399 2654 471 2706 Et
495 2662 664 2703 tamen
689 2652 846 2702 audet
868 2652 958 2701 ille
986 2649 1194 2708 κννῶτι-ης
1230 2651 1303 2699 ita
1342 2663 1459 2711 pro·

397 2732 635 2784 nuntiare
657 2729 723 2778 de
747 2742 860 2777 me:
897 2728 914 2757 ‘
934 2727 1074 2776 Male
1097 2740 1221 2789 ergo
1256 2725 1460 2779 Lambi-

398 2805 528 2865 nus?
574 2804 692 2858 Ain’
711 2813 766 2854 tu
783 2804 1011 2853 omnium
1029 2800 1323 2850 mortalium
1343 2813 1458 2862 pro·

398 2880 716 2945 fligatissime
743 2886 798 2929 et
833 2876 1262 2943 flagitiosissime?
1295 2875 1458 2923 Immo

397 2972 526 3007 vero
551 2964 606 3007 tn
630 2957 784 3020 plane
803 2954 1104 3005 foedissime.
1133 2952 1299 3000 Lami».
1367 2951 1459 3002 Gi·

394 3033 566 3085 fanins
609 3035 793 3083 coitus.-
849 3030 942 3081 sed
993 3029 1134 3077 illius
1179 3025 1458 3076 codicibus

397 3110 637 3161 Lambini
669 3110 1028 3173 conjecturam
1063 3105 1289 3154 libenter
1327 3118 1457 3167 prae-

397 3184 530 3236 sero.
568 3184 764 3235 Creech.

462 3264 557 3313 ⁰4⁷
591 3261 714 3311 Abit
741 3258 860 3323 ulte]
891 3257 1080 3308 Scribo
1114 3256 1218 3305 adit
1247 3258 1370 3304 ulte.-
1403 3253 1454 3303 b.

400 3351 449 3386 e.
480 3336 706 3387 discedit
727 3336 781 3384 in
802 3335 986 3385 intima
1022 3332 1312 3395 penetralia
1343 3344 1458 3380 cor-

397 3414 539 3477 poris
556 3414 838 3463 comitatus
859 3412 1107 3461 animamz
1135 3425 1250 3474 quae
1268 3407 1458 3458 cedens

399 3489 572 3551 sopori
595 3488 854 3553 migravit.
897 3486 956 3538 Si
976 3486 1106 3551 legis
1125 3486 1227 3535 ubit
1247 3486 1360 3547 ulte,
1381 3484 1457 3532 in-

395 3570 694 3629 terpretare
719 3562 944 3612 discedit
973 3562 1028 3611 in
1065 3575 1314 3610 summum
1347 3574 1460 3609 cor·

394 3638 532 3703 poris
550 3638 740 3689 cedens
757 3653 953 3689 somno.
999 3636 1308 3687 Excluditur
1322 3635 1458 3685 euim

395 3712 710 3763 adveniente
747 3728 923 3764 somno
970 3728 1090 3778 pars
1132 3714 1318 3762 animae
1365 3726 1461 3775 per

394 3788 718 3839 Lucretium.
751 3788 890 3837 Pius.
951 3787 1199 3838 Penitus:
1239 3787 1328 3851 qui
1367 3787 1459 3835 ali-

395 3872 479 3913 ter
499 3862 682 3925 sentit,
717 3864 855 3912 idem
889 3877 1005 3912 cum
1039 3862 1184 3925 Fayo
1207 3863 1302 3909 alte
1323 3862 1459 3910 intus

395 3956 486 3989 seu
507 3940 819 3990 intrinsecus
852 3938 1033 4002 inepte
1065 3938 1459 4001 interpretetur.

401 4018 596 4066 Creech.

459 4090 674 4141 Mutatis
715 4091 946 4155 motibus]
1001 4091 1214 4156 corrige
1253 4097 1463 4141 mutatus

398 4166 620 4216 motibus.
687 4164 928 4215 Discedit
962 4166 1071 4215 alte
1096 4180 1273 4215 sensus
1293 4171 1462 4215 muta-

1539 614 1645 657 tum
1668 607 1736 657 sit
1756 608 1993 658 sensibus
2014 613 2071 659 et
2102 609 2293 673 anima,
2324 608 2387 661 fit
2421 609 2599 661 debile

1539 692 1595 733 et
1614 686 1882 748 languens.
1916 686 2058 737 Pin.

1599 764 1698 808 948
1720 758 1974 824 Suffuleiut
1994 760 2153 825 urias]
2188 760 2320 812 Hor.
2338 762 2447 811 Sat.
2472 766 2521 812 2.
2543 766 2595 813 ⁸.

1540 840 1654 886 154.
1675 836 1971 887 ‘Stomacho
1986 836 2184 887 fultura
2198 838 2404 887 ruenti.'
2421 836 2595 887 Faber.

1602 915 1699 961 9³⁰
1716 910 1928 961 Brachia
1945 912 2289 976 palpebraeque]
2330 912 2417 963 sic
2434 911 2595 966 Arist.

1538 984 1603 1035 de
1624 1000 1829 1037 somno:
1866 987 1943 1037 end
1977 988 2052 1038 διὰ
2084 986 2215 1051 ψύξιν
2234 988 2511 1038 καταπίπτει
2530 988 2603 1039 τὰ

1535 1060 1771 1125 βλέφαρα,
1808 1063 1841 1111 i.
1866 1078 1915 1114 e.
1951 1066 1967 1093 ‘
1986 1072 2043 1115 et
2076 1071 2291 1129 propter
2315 1064 2592 1129 refrigera·

1534 1137 1727 1187 tionem
1742 1138 1994 1190 decidunt
2009 1140 2315 1205 palpebrae.’
2330 1141 2456 1191 ibid.
2477 1156 2594 1204 sup.

1533 1212 1614 1261 καὶ
1650 1214 1947 1264 ᾰδυνατοῢσιν
1979 1215 2119 1280 αἴρω·
2154 1215 2245 1274 τὴν
2280 1216 2495 1279 κεφαλὴν
2514 1217 2597 1265 καὶ

1532 1288 1596 1338 τὰ
1616 1287 1854 1353 βλέφαρα,
1894 1292 1927 1341 i.
1950 1306 1999 1342 e.
2032 1293 2049 1321 ⁴
2066 1298 2124 1342 et
2154 1306 2257 1341 non
2279 1300 2494 1357 possunt
2515 1300 2597 1343 at-

1535 1365 1721 1414 tollere
1753 1371 1911 1429 caput
1950 1372 2007 1415 et
2040 1365 2357 1429 palpebras?
2391 1366 2597 1430 profert

1535 1439 1671 1490 bunc
1694 1454 1895 1489 versum
1920 1442 2139 1503 Nonius,
2170 1440 2434 1504 mendose,
2455 1450 2516 1492 ut
2537 1450 2599 1495 et

1535 1515 1781 1565 mendose
1822 1516 2015 1579 legitur
2066 1516 2119 1565 in
2161 1516 2307 1567 libris
2356 1517 2597 1569 omnibns

1535 1591 1696 1641 etiam
1736 1604 1990 1641 manuscr.
2038 1591 2093 1641 iu
2138 1606 2352 1657 qnorum
2395 1594 2595 1644 duobus

1534 1680 1651 1716 cum
1674 1666 1921 1729 scriptum
1958 1669 2281 1732 reperissem,
2310 1670 2601 1735 poplitesque

1528 1740 1825 1804 procubuisti,
1846 1756 1903 1791 re
1918 1756 2035 1791 cum
2054 1742 2297 1794 Turnebo
2315 1746 2597 1796 communi-

1532 1823 1671 1881 cata,
1712 1818 2017 1880 procumbunt
2060 1820 2303 1883 reposuit
2358 1823 2601 1885 quamvis

1529 1893 1619 1944 ille
1634 1896 1911 1957 legendum
1925 1904 2135 1947 censeat
2147 1897 2317 1947 cubant
2327 1898 2597 1963 ,κομψαὶ

1533 1969 1757 2034 probare
1780 1984 1880 2019 non
1919 1972 2096 2034 potui:
2132 1986 2299 2035 neque
2336 1981 2416 2023 est
2454 1974 2599 2038 quod·

1529 2061 1838 2112 quemqnam
1884 2053 2097 2097 moveat
2151 2049 2319 2111 prima
2372 2050 2595 2113 syllaba,

1532 2136 1649 2187 quae
1682 2122 1821 2185 apud
1842 2123 1990 2186 virg.
2032 2137 2235 2186 semper
2271 2124 2595 2187 producitur.

1535 2197 1671 2247 Nam
1696 2199 2119 2261 propositionem
2150 2213 2243 2262 pro
2266 2200 2318 2247 in
2341 2202 2600 2263 composi·

1533 2274 1697 2336 tione,
1726 2280 1783 2323 et
1816 2275 1869 2323 in
1908 2274 2101 2324 talibus
2123 2274 2313 2337 verbis,
2338 2277 2593 2339 propello,

1532 2350 1803 2415 proti-ndo,
1820 2350 2070 2414 procudi»,
2086 2358 2143 2401 et
2160 2352 2311 2403 simil.
2328 2364 2465 2402 nunc
2484 2368 2596 2403 cor-

1531 2425 1793 2489 ripiebant
1815 2441 1952 2477 nuuc
1980 2427 2338 2491 producebant
2372 2437 2594 2481 veteres.

1533 2502 1689 2555 Quod
1710 2502 1860 2552 sicui
1893 2510 2076 2553 tamen
2108 2504 2341 2567 placebit
2375 2506 2478 2569 legi
2512 2520 2599 2555 cn-

1532 2576 1647 2625 bunt
1662 2590 1772 2640 pro,
1794 2575 1933 2641 quod
1954 2578 2149 2627 mavult
2172 2578 2253 2627 vir
2270 2579 2357 2629 ille
2380 2579 2597 2631 doctiss.

1533 2666 1631 2715 pro
1655 2666 1719 2701 eo
1752 2653 1890 2717 quod
1926 2658 2007 2701 est
2037 2653 2318 2717 procubat,
2356 2668 2450 2703 seu
2483 2670 2597 2717 pro-

1532 2726 1771 2789 cumbunt,
1790 2741 1894 2775 non
1916 2726 2173 2790 pugnabo.
2228 2728 2350 2781 Jam
2370 2743 2599 2792 versum,

1533 2800 1623 2865 qni
1669 2800 1917 2864 deinceps
1956 2802 2215 2866 sequitur,
2267 2802 2407 2865 Soepe
2449 2804 2601 2853 etiam

1531 2876 1908 2939 summittuntur,
1940 2876 2173 2939 vireisque
2207 2880 2462 2940 resolvunt,
2502 2878 2602 2928 de-

1533 2954 1747 3003 lendum
1767 2967 1973 3017 censeo,
1991 2963 2049 3004 ut
2072 2954 2317 3018 spurium.
2338 2954 2441 3004 fuit
2456 2956 2595 3005 enim

1531 3028 1739 3078 additus
1784 3030 1883 3079 hoc
1927 3046 2080 3079 versu
2123 3038 2391 3093 corrupto.
2458 3032 2595 3083 Hae

1533 3118 1651 3153 eum
1696 3104 1992 3164 edidissem,
2042 3105 2219 3153 Zoilus
2262 3105 2492 3167 scripsit,
2536 3121 2595 3156 se

1530 3180 1670 3229 hunc
1706 3193 1911 3229 versum
1948 3180 2224 3241 delevisse,
2260 3185 2320 3228 ut
2360 3180 2597 3242 ineptum

1533 3269 1594 3305 ac
1614 3256 1854 3305 nothum:
1884 3254 2011 3303 nihil
2024 3253 2091 3302 ab
2113 3254 2321 3316 ingenio
2342 3262 2431 3302 aut
2450 3268 2597 3303 more

1534 3343 1629 3378 suo
1649 3328 1947 3377 discedens:
1971 3328 2023 3375 in
2046 3342 2198 3378 versu
2222 3328 2490 3391 superiore
2510 3344 2595 3377 au·

1532 3408 1657 3467 tem,
1705 3402 1721 3429 ‘
1746 3403 1993 3467 Brachia,
2043 3403 2451 3468 palpebroeque,'
2494 3408 2594 3455 &ca

1532 3480 1709 3529 nescio
1745 3479 1930 3543 quibus
1964 3478 2108 3529 furiis
2144 3481 2390 3545 agitatus,
2424 3496 2600 3543 μοι-ιι-

1533 3556 1645 3605 broit
1657 3555 1929 3619 legendnm
1945 3564 2146 3619 censet,
2158 3570 2260 3606 non
2270 3558 2606 3619 pmumbunt,

1532 3639 1591 3681 ut
1614 3645 1737 3694 nos;
1770 3646 1941 3695 neque
1967 3632 2135 3681 erubunt
2168 3646 2278 3696 pro,
2314 3638 2373 3681 ut
2393 3633 2601 3681 Turne*

1531 3708 1659 3758 bns:
1695 3714 1754 3757 ut
1792 3708 1863 3756 sit
1900 3708 2120 3773 (inquit)
2152 3723 2330 3758 versus
2366 3709 2596 3770 laxatus,

1533 3784 1729 3847 optime
1752 3797 2043 3848 congruens
2064 3784 2253 3832 luxatis
2292 3784 2592 3847 poplitibus.

1532 3859 1699 3925 Atqui
1738 3874 1841 3909 non
1879 3867 2001 3910 sunt
2038 3860 2087 3908 ei
2127 3858 2372 3907 continuo
2412 3860 2594 3909 luxata

1533 3949 1720 3998 genua,
1732 3934 1815 3983 cui
1832 3948 2003 3997 genua
2016 3947 2214 3982 summa
2226 3932 2565 3996 procumbunt
2575 3950 2602 3983 :-

1532 4022 1702 4074 neque
1742 4009 1787 4057 si
1828 4016 2021 4072 essent,
2064 4009 2157 4058 tali
2203 4022 2353 4057 versu
2394 4009 2595 4059 luxatio

1535 4098 1757 4147 genuum
1814 4092 1957 4135 esset
2010 4084 2361 4149 exprimenda.
2418 4092 2601 4135 servet>

1532 4162 1696 4225 igitur
1717 4162 1814 4211 sibi
1838 4168 1946 4211 tam
1976 4161 2322 4225 inelegantem
2358 4167 2414 4210 et
2450 4162 2594 4211 inve-

405 4248 488 4290 tus
510 4255 541 4290 a
567 4248 712 4291 motu
747 4242 947 4305 soporis
983 4242 1326 4300 advenientis.
1391 4242 1465 4291 Et
1535 4244 1745 4286 nuatum
1770 4252 1992 4305 versum,
2012 4252 2191 4302 neque
2224 4238 2465 4287 Lucretio
2486 4245 2601 4287 tam

405 4318 643 4383 qnoniam
667 4314 771 4367 non
794 4325 874 4367 est
896 4332 1105 4381 corpus,
1139 4331 1256 4367 cum
1273 4316 1462 4383 spolia·

1537 4314 1700 4379 polito
1758 4313 1929 4379 poetae
1984 4326 2101 4364 snas
2154 4314 2345 4365 sordeis
2380 4315 2599 4367 -ailinatt
