3200 4959
620 406 878 475 1400.

1315 416 1528 466 No'rAE
1579 417 1977 467 vammum
2030 415 2109 465 IN

609 563 672 613 ‚bi
708 563 846 613 enim
878 554 1036 613 debet
1066 562 1307 613 variatim.-
1375 561 1552 611 Primo
1593 561 1671 609 sic
1744 559 1973 609 malium·
1993 558 2405 621 salubris,·alteri
2442 557 2583 609 foret
2619 558 2800 620 noxia3

619 639 826 689 omnino
865 638 1142 701 legendum
1177 652 1290 688 esse
1330 637 1519 701 probat
1557 650 1670 685 ver·

609 729 707 764 -sus
737 714 1011 779 posterior,
1031 714 1119 779 qui
1142 729 1175 762 a
1194 714 1420 778 paritate
1451 712 1670 763 eductus

1749 638 2027 687 Generatim
2048 638 2212 701 igitur.
2233 637 2527 702 legendum.
2569 638 2771 687 Creech.

1804 719 1901 763 651
1940 715 2135 763 Circum
2176 713 2381 775 casura]
2415 714 2687 777 Expressit
2716 727 2803 761 vo·

620 798 736 841 esta
763 792 970 841 Proinde
985 796 1034 841 et
1053 792 1306 841 seminibus
1324 790 1670 852 distant‚vari·
1746 802 1858 837 cem
1910 790 2166 851 Graecam,
2210 788 2485 851 περικοπὴν,
2522 788 2555 838 i.
2594 802 2645 839 e.
2676 806 2803 849 περι·

617 871 790 931 astque
819 866 1008 931 figura.
1077 866 1484 931 Argumentatio
1537 866 1673 914 enim
1742 864 1944 928 γραφὴν,
1962 866 2349 914 extremitatem
2390 864 2672 929 cujuslibet
2698 864 2799 926 rei,

621 957 688 991 ex
718 942 984 1006 principiis
1007 943 1138 993 bene
1168 942 1435 1006 procedit:
1473 943 1489 969 ‘
1508 943 1675 991 Dissi-

623 1018 772 1067 miles
791 1024 912 1067 sunt
925 1019 1064 1069 inter
1077 1032 1134 1067 se
1147 1018 1241 1081 se,’
1257 1018 1351 1080 ait,
1365 1019 1382 1046 ‘
1402 1025 1458 1068 et
1485 1018 1678 1067 extima

623 1094 1033 1145 circumcaesura
1056 1094 1200 1145 varia
1232 1100 1329 1157 est,
1359 1109 1486 1156 ergo
1519 1100 1575 1142 et
1597 1108 1678 1143 se-

619 1167 847 1219 minibus
914 1168 1178 1235 differunt,
1219 1176 1274 1219 et
1336 1170 1504 1219 varias
1548 1168 1677 1231 figu-

623 1244 852 1295 rationes
894 1245 1126 1295 habent.’
1190 1244 1394 1295 Addam
1439 1250 1496 1295 et
1539 1245 1678 1294 aliud

625 1334 724 1384 quo
748 1334 831 1368 res
855 1327 1007 1369 extra
1028 1321 1298 1373 dubitandi
1327 1323 1492 1371 aleam
1519 1336 1677 1386 pona-

621 1402 738 1455 tur:
777 1396 894 1445 Non
925 1397 1098 1459 agitur
1127 1412 1264 1447 nunc
1285 1398 1352 1447 de
1373 1395 1680 1447 differentiis

623 1473 904 1523 secundum
933 1488 1086 1524 unum
1110 1474 1351 1537 quodque
1387 1488 1549 1537 genus
1570 1475 1678 1523 ani·

625 1550 854 1611 malium,
889 1556 1144 1613 quatenus
1175 1550 1379 1599 scilicet
1408 1550 1617 1613 species
1650 1566 1681 1599 a

625 1625 803 1685 specie
837 1621 1048 1683 differt;
1079 1638 1196 1673 nam
1237 1626 1286 1673 in
1307 1626 1483 1688 specie
1505 1626 1680 1673 huma—

629 1714 716 1761 ns,
749 1709 875 1765 quot
912 1708 1034 1751 sunt
1071 1702 1348 1765 singularia
1383 1717 1474 1751 seu
1497 1703 1679 1751 indivi-

627 1778 750 1838 dua,
797 1782 875 1826 tot
919 1778 1048 1826 varii
1083 1784 1354 1840 gustatus‚·
1392 1781 1489 1827 «Sec.
1536 1794 1679 1841 ergo.

629 1854 735 1903 Vix
760 1853 894 1902 enim
915 1852 1042 1905 duos
1065 1853 1292 1902 homines
1318 1855 1568 1917 reperias,
1590 1870 1681 1904 ne·-

631 1944 732 1993 que
765 1926 984 1978 fortasse
1008 1944 1230 1993 unquam
1257 1930 1452 1993 reperti
1475 1937 1612 1992 sunt,
1632 1931 1683 1981 in

629 2005 816 2070 quibus
834 2006 1002 2055 omnia
1037 2007 1246 2057 omnino
1269 2008 1454 2056 similia
1477 2023 1567 2057 seu
1592 2022 1683 2071 pa-

629 2081 708 2131 ria
727 2078 940 2142 fuerint,
957 2081 1000 2131 si
1023 2081 1089 2129 ad
1112 2096 1378 2131 numerum
1404 2082 1683 2144 primorum

629 2172 925 2221 corporum,
949 2158 1013 2207 ad
1038 2172 1213 2207 eorum
1239 2159 1416 2221 sitnm,
1453 2166 1510 2209 et
1533 2160 1687 2209 collo-

631 2236 910 2297 cationem,
950 2236 1016 2284 ad
1058 2236 1345 2299 raritatem,
1377 2243 1434 2285 et
1456 2237 1687 2286 densita·

633 2318 758 2371 tem,
798 2309 988 2373 figuras
1025 2318 1304 2374 meatuum,
1347 2317 1446 2363 διο.
1480 2316 1687 2363 venien·

635 2388 753 2435 dum
778 2388 872 2447 sit;
900 2386 1101 2451 (notum
1127 2389 1252 2437 illud
1275 2389 1500 2449 Horatii,
1524 2391 1539 2417 ‘
1557 2392 1686 2439 Tres

631 2461 756 2511 milri
800 2463 1030 2512 convivae
1073 2464 1325 2526 multum,'
1367 2465 1490 2528 ὅτε.)
1521 2464 1689 2516 Addit

634 2536 812 2599 itaque
837 2534 929 2585 inf.
953 2544 1008 2585 et
1040 2544 1181 2587 recte
1219 2540 1446 2602 quidem,
1490 2541 1505 2568 ‘
1525 2541 1685 2590 Nam·

635 2627 738 2676 que
760 2611 1036 2676 figurarum
1062 2621 1120 2661 ut
1154 2614 1284 2663 ratio
1309 2624 1582 2680 motusque
1607 2632 1686 2666 re-

631 2693 869 2752 poscunt,
886 2688 1115 2741 Proinde
1133 2688 1478 2745 foraminibus
1490 2691 1690 2744 debent

635 2763 844 2815 differre
867 2764 1064 2829 flgurae,
1084 2766 1154 2815 Et
1171 2766 1370 2817 variare
1394 2768 1490 2817 vioe
1515 2769 1688 2831 proin·

635 2840 701 2889 de
737 2854 798 2889 ac
837 2846 1044 2891 textura
1080 2841 1323 2892 coercet?
1386 2841 1506 2892 Alia
1527 2846 1688 2893 etiam

637 2917 702 2968 ad
759 2918 982 2966 eundem
1025 2932 1240 2981 scopum
1284 2921 1529 2982 tendunt,
1569 2937 1689 2986 quae

635 2994 736 3045 buc
770 2992 1050 3043 transferre
1072 2994 1198 3043 nihil
1221 3008 1436 3045 necesse
1459 3002 1554 3047 est.
1589 2998 1688 3047 Fa-

699 3150 796 3195 650
832 3146 1132 3208 Generatim]
1185 3146 1293 3195 Per
1336 3147 1535 3211 singula
1581 3149 1688 3197 ani-

631 3222 880 3275 mantium
917 3238 1129 3286 genera.
1163 3224 1326 3273 Lamb.
1391 3225 1463 3273 Et
1489 3240 1690 3286 genera-

634 3300 742 3347 tim.
816 3299 1052 3348 Vct-iatim
1091 3300 1364 3361 legendum
1385 3302 1688 3351 essemultis

635 3374 910 3423 contendit
931 3374 1118 3424 Faber.
1186 3376 1318 3423 Nam
1337 3377 1353 3402 ‘
1368 3376 1689 3441 variantque

637 3449 820 3513 figura’
859 3465 934 3499 vs.
965 3455 1080 3499 652.
1101 3456 1156 3499 et
1184 3451 1436 3500 ‘Variare
1459 3452 1574 3500 viae’
1612 3469 1687 3503 vs.

635 3532 751 3577 661.
779 3540 954 3577 vocem
990 3527 1143 3575 istam
1177 3526 1496 3577 confirmant.
1527 3530 1693 3577 Deni-

635 3616 736 3665 que
759 3617 858 3651 non
895 3602 1068 3665 agitur
1103 3616 1238 3651 nnnc
1275 3602 1343 3651 de
1379 3600 1690 3652 differentiis

637 3677 915 3729 secundum
956 3678 1350 3743 unumquodque
1387 3693 1548 3741 genus
1581 3680 1689 3729 ani-

638 3754 865 3816 aralium,
923 3760 1180 3818 quatenns
1220 3755 1320 3803 viz.
1391 3756 1593 3817 species
1660 3772 1692 3805 a

640 3831 816 3894 specie
859 3829 1064 3891 differt3
1120 3846 1236 3880 nam
1278 3832 1330 3880 in
1381 3832 1692 3895 speciebu-

637 3922 792 3957 mana
813 3914 938 3972 quot
981 3913 1103 3956 sunt
1133 3907 1408 3969 singularia
1442 3921 1536 3955 seu
1557 3907 1691 3957 indi-

648 3984 820 4047 vidua,
857 3988 937 4033 tot
979 3989 1099 4032 sunt
1133 3983 1262 4032 varii
1307 3990 1570 4048 gustatuS,
1587 3987 1692 4035 dte.

639 4059 797 4121 Ergo.
849 4061 917 4109 Et
955 4058 1193 4121 profecto
1233 4059 1428 4123 aliquid
1471 4060 1693 4112 dixisset

637 4133 832 4192 Faber,
872 4134 969 4183 nisi
1001 4134 1171 4185 Poeta
1202 4134 1514 4186 instituisset
1551 4137 1691 4187 hisce

643 4210 874 4261 versibus
923 4211 1132 4274 docere,
1155 4226 1330 4277 -quam
1373 4212 1442 4261 ob
1484 4227 1688 4263 causam

649 4301 753 4339 una
773 4285 1056 4354 eademqne
1089 4301 1171 4337 res
1205 4288 1358 4339 alteri
1384 4290 1560 4352 generi
1581 4289 1689 4337 ani-

1748 948 1802 989 et
1845 948 2134 989 extremum
2193 942 2586 1001 lineamentum,
2626 947 2800 989 extre·

1750 1030 1983 1081 mamque
2037 1016 2459 1079 descriptionem.
2522 1016 2637 1066 Lib.
2676 1030 2802 1065 non·

1750 1094 1877 1142 nulli
1923 1099 2095 1143 tamen
2147 1093 2361 1157 habent,
2392 1094 2808 1157 circuni-textum,

1750 1182 1863 1231 sup.
1896 1172 1943 1217 3.
1968 1172 2083 1219 220.
2168 1169 2371 1219 ‘Quam
2412 1170 2554 1219 tenui
2592 1176 2802 1219 constet

1749 1243 1994 1297 textura!
2033 1250 2089 1293 et
2128 1244 2224 1295 hoc
2268 1244 2451 1295 eodem
2490 1244 2579 1295 lib.
2622 1246 2803 1308 paucis

1753 1325 1889 1382 post,
1926 1319 2171 1382 ‘proinde
2216 1334 2277 1369 ac
2314 1326 2527 1370 textura
2568 1321 2813 1370 coercet:

1752 1396 1865 1457 Ego
1894 1394 2268 1447 circum-casura
2305 1396 2503 1459 probo:
2538 1411 2641 1461 qua
2676 1412 2806 1447 voce

1752 1470 1915 1521 utitur
1938 1476 1993 1519 et
2016 1469 2215 1523 Aruob.
2246 1471 2340 1519 lib.
2379 1475 2428 1521 8.
2492 1473 2507 1500 ‘
2532 1473 2679 1521 Deos
2714 1472 2805 1522 filo

1752 1545 2100 1599 atterminatis
2138 1546 2393 1606 humanm
2446 1552 2521 1608 et,
2556 1547 2695 1611 quod
2734 1548 2809 1596 in·

1752 1622 1954 1686 dignius
1976 1625 2139 1674 multo
2162 1630 2261 1687 est,
2284 1630 2605 1674 terrenorum
2626 1639 2811 1689 corpo-

1753 1713 1863 1751 rum
1918 1698 2336 1749 circum-caesura
2376 1698 2571 1749 finitis.'
2642 1701 2811 1750 Ιαιηώ.

1758 1775 2143 1825 circumtextum
2184 1775 2377 1826 coercet.
2468 1775 2554 1825 lta
2589 1790 2656 1825 ex
2682 1782 2816 1827 Ναί.

1756 1852 1947 1901 nostris
1981 1853 2173 1913 aialim,
2190 1866 2309 1901 cum
2334 1859 2387 1901 et
2411 1867 2530 1901 mox
2552 1860 2817 1918 sequatur,

1756 1933 1953 1977 textura
1972 1928 2172 1977 coie‘rcet.
2238 1928 2301 1977 In
2336 1928 2446 1977 aliis
2470 1935 2682 1981 tamen:
2714 1930 2811 1979 cir-

1726 2068 1733 2074 ·
1752 2019 1861 2053 cum
1891 2018 2087 2053 coesura.
2122 2002 2299 2053 Gifan.

1822 2085 1919 2130 652
1954 2081 2167 2130 Proinde
2208 2087 2253 2129 et
2292 2079 2571 2142 seminibus]
2615 2081 2702 2129 Ita
2745 2096 2811 2129 ex

1759 2155 2038 2207 seminibus
2083 2156 2416 2206 dissimilibus
2455 2157 2707 2220 variisque
2748 2156 2809 2203 fi-

1760 2233 1901 2297 guris
1944 2239 2199 2283 constant.
2258 2232 2418 2283 Lamo.
2508 2234 2713 2281 Proinde
2756 2238 2807 2283 ct

1759 2310 2011 2361 seminibus
2050 2310 2254 2371 distant,
2294 2310 2569 2372 variantque
2602 2308 2807 2372 figuris.

1758 2388 1847 2437 Sic
1872 2402 1936 2437 ex
1960 2393 2065 2437 vet.
2090 2387 2233 2436 libris
2258 2386 2485 2447 restitui,
2514 2386 2815 2448 postulante

1760 2462 1816 2513 id
1840 2462 2047 2514 omnino
2070 2462 2348 2521 sententia,
2368 2468 2426 2511 et
2450 2462 2622 2510 verbis
2646 2460 2819 2523 proxi·

1759 2540 1857 2592 mis
1907 2539 1958 2587 id
2002 2538 2477 2601 comprobantibus.
2563 2538 2805 2601 Vulgati:

1761 2630 1841 2665 ex.
1856 2619 2086 2663 constant.
2100 2614 2292 2679 figura.
2329 2611 2509 2664 Gifan.

1826 2695 1920 2739 657
1960 2690 2234 2752 Μαίη]
2263 2689 2561 2753 Triangula‚
2596 2688 2813 2751 τρίγωνα.

1761 2766 1929 2816 Lamb.
2410 2796 2423 2809 .

1828 2845 1925 2889 658
1978 2840 2311 2903 Multam-ula]
2353 2840 2630 2902 Expressit
2671 2840 2816 2891 Grae·

1763 2932 1881 2973 cnm
1902 2931 2087 2967 nomen
2108 2916 2385 2977 πολύγωνα.
2418 2916 2585 2967 Lamb.

1824 2999 1923 3043 662
1958 2996 2093 3055 Ergo
2130 2996 2211 3043 ubi
2246 2998 2370 3056 qaod
2398 2993 2663 3055 suave-eat]
2698 2993 2744 3041 Ι.
2768 3007 2819 3043 e.

1764 3084 1887 3134 ergo
1905 3084 2020 3118 cum
2044 3070 2096 3119 id
2120 3070 2256 3135 quod
2276 3070 2387 3119 aliis
2408 3084 2563 3119 suave
2584 3077 2687 3130 est,
2707 3069 2821 3119 aliis

1764 3160 1990 3195 amarum
2014 3146 2102 3208 sit,
2118 3146 2371 3197 credibile
2394 3152 2491 3206 est,
2512 3152 2669 3209 atque
2692 3144 2821 3193 adeo

1763 3220 2059 3269 necessario
2082 3236 2257 3271 verum
2290 3228 2393 3285 est,
2412 3234 2635 3285 corpora
2655 3220 2823 3283 prima

1763 3295 2065 3357 politissima
2083 3302 2140 3345 et
2171 3296 2467 3356 laevissima,
2488 3311 2603 3360 quae
2626 3302 2747 3345 sunt
2768 3295 2822 3345 in

1764 3384 1829 3419 eo
1850 3370 1968 3420 cibo
2002 3378 2097 3421 aut
2128 3378 2277 3436 potu,
2296 3372 2389 3435 qui
2407 3372 2633 3436 linguam
2656 3380 2713 3421 et
2734 3386 2826 3434 pa·

1765 3447 1929 3497 latum
1962 3447 2233 3497 dulcedine
2266 3454 2321 3496 et
2354 3448 2623 3511 voluptate
2646 3446 2827 3511 afficit,

1765 3522 1959 3586 linguae
1980 3532 2036 3573 et
2068 3524 2231 3586 palati
2264 3530 2463 3574 meatus
2495 3525 2633 3574 inter
2665 3538 2822 3588 pene·

1766 3600 2007 3649 trandum
2032 3603 2372 3662 permulcere.
2430 3601 2566 3651 Nam
2592 3603 2823 3653 omnibus

1766 3674 1821 3725 in
1846 3675 1998 3725 rebus
2034 3676 2223 3738 genitis
2246 3677 2415 3725 omnia
2436 3685 2492 3727 et
2513 3680 2675 3728 omnis
2696 3677 2827 3741 figu-

1768 3766 1841 3801 rae
1864 3751 2038 3801 insunt
2062 3753 2358 3816 primordia,
2374 3761 2434 3803 ut
2454 3770 2611 3819 supra
2626 3755 2825 3818 docuit,

1770 3838 1827 3880 et
1868 3845 1988 3879 mox
2030 3830 2335 3881 admonendi
2378 3848 2537 3884 causa
2577 3842 2821 3898 repetet:

1768 3906 1859 3956 sed
1896 3908 2040 3970 cnjus
2071 3906 2253 3970 figurae
2285 3908 2437 3970 plura
2470 3917 2825 3963 convenerunt

1767 3983 1834 4033 ad
1858 3996 2111 4047 quamque
2146 3998 2251 4031 rem
2286 3984 2596 4047 gignendam
2630 3986 2825 4049 princi·

1767 4059 1871 4122 pis,
1904 4057 1969 4107 ab
2008 4059 2117 4122 ejus
2152 4056 2329 4122 figure
2362 4061 2594 4123 pluribus
2632 4062 2823 4125 princi·

1766 4134 1866 4199 piis
1900 4148 1982 4183 res
2022 4142 2078 4183 et
2115 4141 2211 4197 est,
2248 4141 2303 4184 et
2338 4138 2648 4199 appellatur.
2711 4138 2823 4189 Alii

1764 4211 1965 4273 legunt,
2018 4210 2153 4260 Hinc
2204 4210 2301 4273 ubi,
2330 4214 2454 4263 Δια.
2512 4227 2617 4263 non
2670 4214 2824 4269 male.

1764 4288 1932 4339 hamb.
2000 4288 2153 4353 Hinc,
2170 4288 2263 4338 ubi·
2278 4292 2401 4356 quod
2426 4304 2586 4345 mve-
2648 4291 2737 4345 Ita
2758 4292 2823 4345 iu
