3200 4959
584 386 763 459 1362.

647 541 746 589 8⁰4
789 538 1007 603 Quinque
1043 534 1190 592 etium
1227 552 1369 589 sexes
1409 544 1466 589 ut
1497 530 1647 604 fleri]

586 613 767 665 Codex
794 613 998 665 Bertiu.
1034 628 1137 663 non
1172 614 1332 664 habet
1373 612 1644 677 disjuncti·

585 702 702 739 vam
723 703 804 737 ve:
839 688 913 739 sic
935 688 1142 739 enimin
1167 703 1230 739 eo
1255 689 1508 753 scriptum
1543 693 1645 751 est,

588 765 804 829 Quinque
823 765 970 815 etium
1003 780 1090 815 sex
1127 772 1198 817 ut.
1231 772 1390 831 atque
1429 768 1508 817 itu
1538 765 1646 816 for·

587 848 726 891 tasse
747 842 847 904 legi
862 840 1044 891 debet.
1065 840 1140 891 sic
1165 842 1299 894 Hor.
1333 840 1504 905 Epist.
1527 846 1573 891 1.
1600 845 1647 891 1.

586 925 636 969 5.
671 920 687 947 ⁸
713 918 766 968 Si
786 918 1174 986 quadringentis
1196 934 1289 971 sex
1309 925 1510 983 septem
1533 918 1648 967 mil·

585 995 662 1045 lia
686 993 912 1046 desunt.'
946 1009 1096 1061 quem
1128 1010 1334 1046 versum
1359 1002 1532 1046 temen
1555 993 1648 1043 ali·

591 1076 693 1133 ter,
725 1073 883 1136 qnam
922 1073 1079 1134 vulgo
1116 1070 1342 1134 intelligi
1382 1070 1535 1130 solet,
1557 1082 1647 1118 ex·

589 1148 783 1212 plicavi
806 1149 859 1197 in
892 1149 1126 1199 secunde
1167 1147 1400 1199 editione
1439 1144 1652 1201 Horati-

531 1286 538 1291 ·
591 1237 708 1273 ane.
772 1223 948 1273 Zoilus
977 1221 1294 1285 superiorem
1320 1222 1456 1269 hane
1490 1232 1649 1269 anno-

588 1297 842 1347 tationem
879 1296 1119 1361 urripuit,
1137 1302 1192 1345 et
1222 1288 1432 1345 secutus
1453 1300 1552 1355 est,
1583 1292 1651 1341 ab

593 1371 806 1437 ingenio
849 1386 942 1422 suo
995 1385 1100 1421 non
1140 1369 1436 1419 discedens.
1485 1367 1651 1417 lamb.

590 1445 692 1496 Sex
723 1452 795 1497 ut.
863 1446 949 1495 Its
961 1460 1027 1495 ex
1049 1445 1358 1511 quibusdam
1377 1443 1527 1493 libris
1548 1448 1653 1495 vet.

589 1525 783 1584 malim,
799 1529 857 1572 nt
876 1524 892 1551 ⁸
911 1535 1003 1570 sex
1024 1518 1246 1584 septem'
1263 1518 1397 1568 Hor.
1413 1518 1584 1582 Epist.
1608 1522 1655 1569 1.

594 1601 643 1646 1.
663 1603 720 1647 et
742 1596 871 1647 Ter.
895 1596 1028 1645 Eun.
1043 1596 1099 1644 in
1121 1594 1263 1645 eliis:
1286 1607 1443 1645 sexve.
1480 1592 1655 1643 Gifan.

657 1675 752 1721 ⁸11
789 1671 915 1721 Inde
924 1676 1187 1721 retrorsum
1205 1668 1367 1718 reddit
1390 1682 1458 1731 se,
1478 1671 1527 1717 et
1545 1682 1655 1716 eou-

590 1746 741 1797 eertit
757 1745 940 1809 eodan]
975 1746 1106 1795 Cum
1147 1744 1202 1793 in
1227 1742 1493 1795 codicibus
1531 1756 1655 1809 qua·

592 1828 714 1871 tuor
757 1834 1014 1871 manuscr.
1049 1819 1168 1869 Inde
1207 1822 1468 1867 retrorsum
1510 1817 1657 1879 redit,

588 1896 848 1959 scriptum
865 1895 1174 1959 reperissem
1197 1894 1306 1942 sine
1324 1891 1655 1955 copulatione

593 1985 700 2037 qus,
753 1970 1000 2020 continuo
1041 1967 1277 2032 judicavi
1314 1966 1382 2015 eb
1428 1965 1542 2014 eliis
1581 1965 1659 2014 ita

596 2063 714 2099 esse
750 2045 1056 2111 repositum,
1085 2050 1146 2094 ιιι
1179 2042 1380 2092 habent
1410 2041 1528 2090 libri
1549 2039 1658 2091 vul·

593 2125 722 2191 aeti,
743 2124 945 2187 Indeque
966 2127 1226 2171 retrorsum
1243 2118 1370 2169 redit
1385 2133 1402 2167 .·
1439 2117 1507 2166 ab
1523 2116 1657 2179 eliis,

593 2200 716 2249 Inde
745 2202 1006 2247 retrorsum
1023 2196 1169 2245 etium
1189 2193 1335 2253 redit,
1361 2194 1443 2255 &c-
1479 2197 1540 2241 ut
1571 2192 1658 2241 ha·

595 2274 726 2324 bent
747 2280 854 2323 tres
869 2269 1236 2333 Manuscripti,
1300 2270 1348 2319 N
1355 2282 1436 2316 nm
1455 2266 1659 2316 Bertin.

595 2362 764 2413 neque
794 2346 960 2395 habet
1003 2344 1392 2407 copulationem
1423 2356 1528 2406 que,
1567 2356 1661 2391 ne·

597 2438 699 2489 que
722 2422 885 2473 etiarn.
952 2420 1144 2485 Itaque
1173 2419 1248 2469 sic
1278 2417 1506 2480 restitui,
1540 2418 1661 2467 Inde

596 2505 870 2567 retrorsum⁸
891 2498 1049 2547 reddit
1068 2510 1138 2559 se,
1157 2499 1205 2545 et
1226 2493 1461 2544 convertit
1481 2496 1661 2543 eodem.

601 2574 869 2625 sententia
911 2579 1087 2621 autem
1131 2571 1245 2619 hoec
1287 2568 1413 2619 mihi
1456 2568 1664 2618 videtur

599 2664 746 2699 esset
782 2646 935 2709 Inde,
955 2648 1008 2697 id
1025 2652 1128 2709 est,
1157 2661 1223 2696 ex
1240 2645 1407 2710 primo
1427 2646 1663 2710 speculo,

601 2725 686 2774 vel
708 2739 775 2773 ex
796 2730 946 2788 parte
965 2722 1172 2785 dextra,
1209 2721 1380 2784 imago
1403 2719 1575 2767 reddit
1608 2734 1665 2769 se

601 2805 907 2860 retrorsum,
939 2796 992 2847 id
1014 2802 1115 2857 est,
1146 2796 1201 2845 in
1235 2794 1416 2843 laevam
1438 2801 1667 2858 partem,

600 2876 655 2925 in
677 2874 904 2925 seeundo
943 2873 1158 2936 speculo
1197 2870 1418 2932 scilieet,
1451 2876 1507 2920 et
1542 2883 1665 2918 eon·

602 2949 762 2999 vertit
798 2963 852 2999 se
884 2947 1089 3009 eodem,
1123 2959 1310 3009 nempe
1363 2944 1416 2994 in
1463 2944 1666 2995 laevam.

603 3025 736 3075 Cum
758 3026 867 3074 haec
889 3024 1233 3087 scripsissem,
1257 3020 1432 3071 Zoilus
1455 3027 1667 3070 exortus

599 3100 878 3166 legendum
900 3098 1051 3155 dixit,
1071 3098 1194 3147 Inde
1211 3102 1468 3147 retrorsum
1487 3096 1667 3159 reddit,

602 3184 652 3228 et
685 3176 915 3228 mvertt't
936 3176 1093 3225 eodem
1110 3190 1129 3223 .·
1158 3179 1220 3223 ut
1239 3174 1309 3224 sit
1332 3173 1548 3223 choreus
1571 3185 1667 3235 pro

602 3252 851 3317 spondeo,
872 3257 930 3301 et
947 3248 1150 3300 ‘reddit
1169 3255 1224 3299 et
1245 3247 1507 3297 convertit
1522 3246 1538 3271 ’
1562 3248 1669 3297 sint

605 3328 876 3382 absoluta:
907 3326 1046 3390 quod
1060 3325 1175 3373 fieri
1197 3339 1302 3374 non
1329 3330 1534 3387 potestz
1575 3338 1669 3371 ne·

603 3417 706 3468 que
728 3400 1020 3465 reperietur
1041 3400 1094 3447 in
1109 3403 1225 3447 tote
1240 3399 1444 3461 Lingua
1463 3399 1669 3449 Latina.

605 3477 758 3527 Adde
783 3474 922 3541 qnod
959 3487 1142 3525 versus
1179 3473 1282 3523 erit
1309 3472 1666 3522 inconcinnus.

605 3551 898 3615 eujusmodi
917 3563 1094 3599 versus
1126 3548 1242 3611 ipse
1263 3546 1388 3597 facit
1409 3563 1423 3597 ε
1458 3562 1560 3597 non
1581 3561 1669 3596 cu-

599 3626 833 3691 jusmodi
855 3633 976 3675 sunt
989 3623 1306 3673 Lucretiani.
1321 3622 1490 3673 Lumb.
1533 3622 1667 3672 Rea-

604 3703 681 3753 dit
698 3707 765 3753 et.
819 3701 904 3751 Ita
943 3706 1046 3751 vet.
1065 3700 1204 3762 libri,
1238 3699 1335 3749 nisi
1369 3699 1508 3764 quod
1533 3700 1666 3749 anti·

607 3791 710 3842 quo
731 3790 892 3839 more,
927 3776 993 3825 de
1015 3789 1116 3840 quo
1143 3775 1368 3839 Pierius,
1403 3773 1669 3824 hebebant

606 3852 751 3903 redit.
814 3851 1098 3904 Lambinus
1138 3848 1339 3899 addidit
1367 3864 1434 3901 se.
1501 3849 1668 3899 Recte

605 3926 812 3989 sorsum
846 3936 904 3975 ut
927 3926 1049 3976 olim
1071 3923 1236 3974 fuerit
1250 3924 1292 3973 s’
1314 3930 1378 3975 et.
1447 3924 1558 3990 Ego
1583 3938 1669 3974 ve·

607 4016 719 4051 rum
762 4002 1071 4065 scripturam
1115 4000 1345 4064 reposui.
1427 4001 1562 4050 Nam
1614 4007 1672 4051 et

608 4078 624 4107 ⁶
664 4076 872 4140 reddit,’
927 4084 984 4126 ut
1051 4078 1067 4105 ⁸
1087 4076 1380 4138 convertit:
1431 4076 1670 4127 absolute

609 4152 777 4215 accipi
821 4150 1018 4215 possit3
1069 4158 1125 4201 et
1161 4152 1214 4201 in
1265 4152 1282 4180 ‘
1307 4140 1518 4214 reddit,’¹
1549 4153 1670 4202 eho·

617 4241 738 4279 reus
751 4240 845 4290 pro
868 4226 1116 4290 spondeo.
1155 4224 1261 4279 Inf.
1286 4227 1442 4281 etiam
1465 4242 1534 4277 vs.
1553 4230 1667 4279 ³2⁴.

1283 398 1500 449 No'rAE
1548 398 1952 449 VAmoRUM
2003 400 2083 449 IN

1720 538 1922 589 utitur:
1956 538 2234 589 ‘reddita'
2272 536 2449 604 Gifqt.
2512 536 2777 601 Git'enius,

1720 614 1807 679 qui
1829 613 2059 677 integros
2074 629 2250 665 versus
2274 629 2375 665 non
2398 623 2558 678 amat,
2578 616 2775 666 emittit

1697 697 1786 740 ἐι.
1851 690 2073 743 Quidam
2112 698 2283 753 tamen
2326 691 2493 741 Codd.
2548 692 2667 741 Iade
2698 706 2773 739 re-

1720 770 1983 815 troversum
2002 766 2147 827 redit,
2166 769 2249 829 εμπ
2284 766 2499 817 Creech.
2562 765 2775 817 Oblitus

1722 849 1806 892 est
1824 842 1903 891 sui
1924 840 2183 901 Gifanius,
2204 854 2323 891 cnm
2344 840 2399 890 in
2420 840 2605 891 Indice
2627 845 2780 889 notat

1720 916 1739 945 ⁸
1761 914 2011 967 reddere’
2046 916 2281 967 absolute
2302 916 2387 965 hic
2406 917 2590 979 accipi.
2654 914 2783 976 Sed,

1724 1008 1881 1059 quum
1916 1008 2093 1043 omnes
2128 1000 2335 1043 veteres
2366 993 2593 1043 habeant
2636 991 2783 1052 redit,

1726 1075 1782 1119 et
1801 1069 1898 1119 hoe
1920 1068 2163 1118 orationis
2194 1067 2335 1117 filum
2372 1069 2621 1132 requiret,
2660 1067 2785 1117 reti·

1726 1158 1853 1195 nere
1872 1144 1925 1193 id
1948 1144 2119 1193 malim
2140 1159 2156 1203 3
2190 1143 2529 1207 posteriorem
2550 1142 2638 1191 τοῦ
2656 1143 2671 1169 ‘
2692 1141 2781 1205 1¹¹7·

1726 1218 1820 1269 de’
1843 1219 2133 1283 producere
2147 1219 2459 1269 auctoritate
2480 1218 2783 1267 Graecornm

1730 1292 2019 1356 poetarum,
2074 1294 2197 1358 quia
2234 1308 2263 1341 r
2306 1294 2473 1357 prima
2510 1294 2665 1342 litera
2704 1306 2785 1341 se-

1727 1369 1909 1433 quenti
1928 1376 2011 1418 est
2040 1368 2173 1431 voci,
2208 1375 2265 1419 ut
2302 1383 2479 1417 versus
2522 1368 2624 1417 sibi
2662 1380 2785 1417 con·

1730 1450 1864 1506 stet;
1890 1442 2127 1494 similiter
2138 1445 2238 1494 hoc
2256 1444 2437 1495 eodem
2459 1444 2549 1493 lib.
2574 1458 2651 1496 vs.
2666 1446 2785 1492 ⁸62.

1728 1520 1745 1547 ⁸
1769 1521 2013 1585 Fierique
2036 1520 2255 1584 perinde
2292 1520 2522 1569 videmus
2548 1519 2784 1581 Corpore

1732 1603 1838 1645 tum
1860 1596 2041 1659 plagas
2062 1596 2115 1643 in
2134 1603 2331 1657 nostro,
2348 1603 2589 1659 tanquam
2610 1592 2788 1655 eliqua

1731 1685 1815 1720 res
1834 1669 2134 1720 Verberet!
2188 1670 2292 1719 Ubi
2316 1669 2497 1719 eadem
2522 1669 2597 1717 vis
2619 1668 2786 1719 litera

1730 1746 1800 1795 ad
1844 1746 2077 1795 nltimam
2120 1746 2173 1795 in
2224 1744 2451 1808 ‘aliqua’
2496 1742 2787 1807 producen-

1734 1820 1869 1869 dam.
1909 1821 2061 1871 Gron.
2123 1818 2241 1867 Obs-
2268 1818 2380 1869 scil.
2414 1819 2502 1867 lib.
2524 1822 2573 1867 2.
2595 1832 2715 1881 cap.
2736 1822 2791 1868 ’1.

1735 1910 1855 1960 pag.
1893 1899 2007 1945 261.
2051 1908 2268 1959 eamque
2303 1894 2580 1945 lectionem
2616 1907 2788 1943 sumus

1733 1971 1917 2021 secuti.
1950 1972 2083 2021 Hae.

1798 2052 1896 2097 ⁸12
1930 2047 2062 2102 Quin
2084 2046 2232 2096 etium
2265 2043 2583 2109 ffuoecuunque]
2626 2043 2793 2107 Sigui-

1734 2121 1973 2179 ficantur,
2004 2122 2205 2185 opinor,
2234 2120 2397 2169 multa
2428 2119 2635 2183 specula
2668 2131 2793 2167 con-

1725 2197 1929 2261 ·juncta,
1953 2198 2203 2246 columnae
2226 2196 2409 2259 figura,
2430 2208 2679 2245 convexa.
2699 2208 2793 2243 nu-

1734 2280 2001 2321 merantur
2019 2279 2193 2321 autem
2221 2288 2254 2321 a
2272 2270 2646 2320 mathematicis
2677 2284 2794 2331 sep·

1736 2353 1844 2397 tem
1885 2346 2213 2411 speculorum
2246 2360 2455 2408 genera,
2494 2360 2561 2394 ex
2606 2344 2794 2409 quihus

1736 2421 1829 2473 fiat
1867 2424 2061 2473 usitate
2092 2429 2149 2473 et
2179 2428 2293 2472 rate
2324 2420 2573 2472 reflexioz
2614 2434 2796 2483 specu·

1737 2498 1843 2547 lum
1875 2499 2119 2560 planumt
2174 2498 2442 2561 speculum
2478 2496 2796 2559 columnare,

1737 2588 2058 2623 convexum:
2141 2574 2409 2637 speculum
2485 2573 2799 2633 columnare,

1737 2664 2053 2700 concavumz
2105 2650 2376 2714 speculum
2420 2646 2700 2713 pyramidis
2738 2647 2796 2696 in

1738 2739 1935 2774 morem
2008 2724 2407 2786 conformatum,
2474 2736 2793 2773 convexum:

1738 2800 1856 2850 huic
1898 2800 2138 2849 similiter
2181 2798 2574 2862 conformatum,
2608 2812 2796 2849 conce·

1740 2891 1892 2925 vum:
1926 2876 2193 2939 speculum
2210 2875 2491 2938 globosum,
2511 2888 2603 2925 seu
2626 2873 2797 2938 spin-

1742 2952 1923 3013 ticum,
1945 2966 2265 3001 convexum:
2307 2951 2592 3013 globosum,
2614 2962 2799 2997 conee-

1743 3041 1877 3075 vum.
1910 3026 2077 3075 Lumo.
2122 3040 2225 3075 vss.
2243 3030 2292 3077 7.
2308 3026 2578 3089 subjungit
2594 3024 2662 3074 de
2682 3038 2801 3087 spe·

1742 3102 1873 3149 culis
1912 3114 2128 3165 quorum
2166 3109 2289 3152 suut
2324 3102 2579 3151 latuscula
2612 3099 2799 3160 (facie-

1740 3174 1903 3239 culae)
1936 3177 2097 3238 varia,
2140 3176 2305 3225 instar
2338 3175 2441 3225 viz.
2470 3175 2801 3240 speculorum

1744 3250 1969 3314 plurium
2014 3252 2079 3300 ad
2120 3251 2351 3300 dextram
2389 3252 2679 3315 laevamque
2722 3250 2799 3299 sic

1742 3328 2117 3391 oppositorum,
2149 3336 2206 3378 ut
2238 3344 2304 3378 ex
2336 3327 2621 3377 reflexione
2649 3326 2799 3377 unius

1742 3404 1793 3451 in
1830 3404 1989 3466 aliud,
2031 3411 2087 3454 et
2131 3417 2284 3467 porro
2326 3403 2379 3451 in
2423 3404 2626 3452 oculum
2670 3401 2803 3453 situs

1744 3479 2081 3541 restituetur-3
2103 3486 2194 3527 eut
2212 3477 2385 3541 potius
2402 3490 2619 3539 quorum
2634 3477 2803 3525 latera

1743 3552 1846 3602 siut
1875 3560 2069 3615 partes,
2092 3552 2393 3615 regionesve
2422 3551 2651 3614 ejusdem
2684 3566 2803 3615 spe-

1744 3630 1850 3679 culi
1884 3627 2117 3683 eoucevi,
2148 3641 2179 3675 e
2210 3640 2313 3691 quo
2345 3624 2557 3689 reflexa,
2588 3632 2645 3676 et
2680 3632 2803 3690 post

1742 3702 1933 3753 factam
1947 3703 2206 3752 radiorum
2222 3702 2641 3753 decussationem
2654 3716 2803 3765 spec·

1744 3786 1859 3829 tata
1908 3780 2076 3842 imago
2121 3792 2184 3827 eo
2229 3777 2535 3827 exhibeatur
2573 3778 2696 3840 situ,
2740 3783 2803 3827 nt

1745 3854 1933 3903 dextra
1974 3851 2040 3902 ad
2082 3853 2341 3915 dextram,
2378 3852 2586 3903 sinistra
2629 3851 2695 3902 ad
2735 3851 2805 3901 si-

1744 3929 1961 3979 nistrum
2004 3928 2105 3989 sit;
2160 3929 2367 3978 tametsi
2421 3929 2630 3979 aliunde
2679 3940 2801 3991 pers

1744 4004 1981 4069 superior
2000 4002 2234 4068 inferior,
2250 4012 2307 4053 et
2325 4003 2541 4055 inferior
2566 4003 2804 4069 superior

1746 4078 1939 4129 evadit.
1973 4078 2290 4129 Gessendus.
2331 4080 2523 4129 creet-1⁸.

1810 4158 1906 4203 313
1938 4154 2167 4204 Adsimili
2187 4156 2367 4218 lateris,
2400 4152 2505 4217 qm]
2534 4154 2606 4205 H.
2640 4168 2689 4203 e.
2710 4166 2799 4202 ex-

1745 4228 1959 4280 hibeant
1978 4237 2153 4294 partes
2177 4230 2409 4293 imaginis
2426 4229 2802 4295 respondentes
