3200 4959
579 429 649 480 T.
699 429 1052 480 LUcRn'rn
1103 436 1282 484 CARI
1332 439 1430 486 DE
1477 440 1747 492 RERUM
1798 445 1969 494 NAT.
2018 449 2167 498 Lm.
2220 452 2319 501 v1.

373 567 494 629 dnm
512 550 740 634 ’sicklegi
769 573 970 634 volunt,
996 573 1212 630 Quonam
1231 578 1300 626 sie
1318 579 1440 628 rsti-

375 661 482 707 one,
527 652 674 708 utque
705 649 802 697 alte
837 650 1066 700 ruminus
1101 653 1298 718 imment
1335 669 1440 705 non

377 721 570 786 probo.
601 723 770 773 Lamb-

443 802 505 846 65
551 799 708 860 thue
727 799 824 850 alte
840 803 1068 854 terminus
1083 805 1284 869 hereat]
1315 808 1440 873 Sup.

379 879 429 923 1.
452 878 538 924 78.
575 875 745 934 Gifan.

391 987 407 1016 ·.
442 953 510 998 66
549 949 654 1006 Quo
689 951 848 1014 mag-30
875 959 1087 1005 montes
1106 961 1208 1006 tota
1225 959 1442 1024 reg-ione]

376 1024 732 1089 Sic-restituit
767 1029 918 1078 etita
939 1029 1050 1080 sine
1083 1032 1238 1084 dubio
1272 1035 1443 1099 legen·

381 1099 522 1150 dum.
591 1103 678 1151 Sic
715 1104 852 1154 enim
899 1107 1176 1170 loquimur,
1228 1111 1442 1164 ‘errare

377 1181 494 1226 toto
517 1177 682 1240 caelo‚'
713 1179 731 1208 ‘
755 1185 870 1230 tota
887 1181 1007 1232 vin!
1033 1183 1147 1247 jam
1188 1188 1206 1216 ‘
1226 1192 1336 1236 tota
1359 1203 1442 1237 re-

379 1252 569 1316 gione,’
606 1260 662 1305 et
705 1255 856 1306 ‘tota
898 1257 1019 1321 vin,’
1073 1261 1209 1310 idem
1249 1264 1442 1314 valent.

377 1329 537 1391 Saepe
561 1336 732 1380 autem
760 1333 1120 1397 animadverti,
1153 1350 1185 1385 a
1219 1336 1440 1389 librariis

378 1404 434 1453 in
454 1418 579 1455 voce
599 1407 616 1436 ⁶
637 1406 854 1458 ratione'
883 1420 1152 1474 peccatum
1175 1427 1310 1476 esse,
1327 1429 1442 1466 cnm

376 1482 564 1532 mione
597 1485 886 1538 scriberent
907 1504 1000 1552 pro
1021 1491 1229 1553 regione.
1255 1493 1298 1542 si
1326 1493 1444 1558 quis

380 1563 554 1607 tamen
601 1562 763 1612 malet
805 1564 909 1629 legi
955 1579 1078 1616 σασα
1129 1569 1330 1633 ratione,
1385 1573 1444 1620 ut

377 1635 574 1684 habent
617 1639 846 1689 nonnulli
870 1641 1093 1706 codices,
1113 1650 1174 1694 ut
1197 1659 1300 1696 non
1321 1660 1442 1710 pro·

379 1710 534 1770 babo,
557 1711 632 1762 ita
653 1727 754 1766 non
779 1718 1040 1779 pugnabo.
1089 1720 1256 1770 Lomb.
1335 1721 1444 1771 Cae·

378 1802 439 1836 cu
476 1789 671 1839 ratione.-
702 1791 950 1851 feruutur.
1018 1795 1104 1845 Ita
1141 1797 1348 1860 quidam
1381 1797 1442 1847 li-

380 1863 480 1915 bri.
543 1864 649 1917 Alii
691 1868 944 1934 plerique,
985 1875 1105 1921 tota.
1142 1873 1443 1938 Lambinus,

383 1941 594 2002 regione»
627 1942 808 1994 Gifan.

389 2059 398 2066 .
449 2021 514 2066 67
547 2019 798 2083 Longeque
817 2022 1050 2086 remittis]
1084 2025 1154 2074 Et
1170 2025 1324 2088 longe
1349 2027 1442 2078 abs

381 2101 442 2143 te
485 2096 658 2158 rejicis
690 2109 751 2146 ac
791 2097 1016 2160 repellis·
1079 2099 1167 2149 J0.
1212 2100 1444 2160 Ani-atus

381 2171 502 2220 vult
543 2171 646 2234 legi
687 2177 896 2234 renuens,
935 2181 992 2225 ut
1029 2173 1293 2224 cohaereat
1323 2191 1440 2227 cum

381 2247 642 2298 infinitivo
663 2248 680 2274 ‘
699 2249 918 2314 putare,'
943 2251 1040 2300 hoc
1063 2252 1248 2302 modo:
1282 2255 1440 2315 louge-

383 2339 472 2387 que
513 2331 708 2373 renatos
747 2325 863 2374 Diis
903 2327 1102 2388 indigno
1139 2332 1326 2390 putore,
1359 2332 1442 2392 ξε.

385 2400 568 2450 Lamb.

389 2507 398 2514 -
446 2479 514 2524 68
550 2476 668 2526 Diis
689 2476 888 2540 indigna
903 2479 1133 2542 putando]
1157 2480 1244 2529 Sic
1265 2480 1442 2543 legen*-

382 2551 525 2614 dum,
548 2563 671 2614 non,
689 2559 750 2602 ut
776 2556 948 2617 vulgo,
959 2562 1154 2618 putare.-
1173 2557 1277 2605 sive
1300 2559 1439 2620 legs-

384 2643 512 2678 mus·
531 2631 758 2694 remittis,
790 2637 851 2680 ut
893 2632 1084 2681 habent
1117 2647 1292 2681 omnes
1317 2645 1440 2695 quos

385 2707 496 2754 vidi
517 2707 636 2756 libri
658 2723 672 2757 ε
709 2707 820 2756 sive
843 2712 1054 2770 muetos,
1073 2716 1131 2756 ut
1151 2709 1262 2757 vult
1279 2706 1442 2756 Aura·

385 2791 507 2834 tus:
547 2784 606 2833 in
645 2797 796 2848 quam
831 2783 1104 2832 lectionem
1137 2783 1443 2846 propensior

386 2872 520 2907 sum.
584 2859 722 2908 Nam
763 2861 972 2909 remittis
1003 2873 1098 2923 pro
1127 2859 1286 2920 w'ieis
1320 2859 1444 2908 inihi

385 2933 597 2984 videtur
647 2935 883 2985 insolens.
949 2935 1116 2984 Lamo.
1200 2936 1443 2985 Pntondo.

386 3011 544 3074 vulg.
582 3012 769 3076 putare.
813 3009 986 3060 Gifan.
1053 3011 1160 3060 Alii
1195 3012 1445 3074 Longeque

385 3093 580 3138 renuens
611 3088 696 3140 vel
739 3088 950 3140 remittis
985 3087 1101 3136 Diis
1131 3087 1330 3148 indigno
1359 3101 1446 3150 pu·

389 3168 512 3214 tare.
576 3163 692 3226 Ego
744 3177 870 3212 vero
922 3163 1172 3226 Longeque
1221 3162 1446 3224 remittis,

389 3240 514 3290 Diis
531 3241 732 3301 indigna
763 3242 990 3304 putando.
1024 3241 1210 3302 Neque
1247 3237 1310 3288 ea
1344 3253 1446 3303 qua

387 3315 478 3370 alii
501 3315 932 3378 interpretatione
967 3329 1086 3364 usus
1121 3329 1250 3364 sum.
1283 3315 1444 3364 Hein-

389 3393 503 3445 sius
522 3399 696 3452 antem
713 3397 900 3456 putato.
932 3393 1153 3442 Greech.⁴
1421 3401 1429 3406 ’

393 3495 410 3504 -
455 3474 522 3518 68
553 3470 816 3533 Alienaque
848 3468 1006 3532 pao-ie]
1039 3475 1055 3498 ‘
1079 3467 1297 3518 Aliena’
1325 3467 1447 3532 jun·

389 3547 476 3596 xit
499 3558 616 3594 cum
639 3546 809 3610 patrio
829 3559 984 3594 casu:
1019 3544 1092 3594 sic
1107 3547 1156 3593 3.
1175 3548 1288 3595 832.
1306 3545 1322 3572 ‘
1339 3542 1451 3593 Aut

391 3623 518 3688 quia
540 3626 642 3672 n‘on
661 3623 878 3671 veniunt
891 3621 1100 3669 omnino
1131 3620 1298 3668 aliena
1317 3619 1450 3668 salu-

388 3698 498 3748 tis?
560 3697 730 3748 lamb.
815 3697 998 3748 Cicero
1037 3709 1240 3760 quoque
1281 3693 1452 3744 Acad-

393 3775 597 3827 Quaest.
620 3779 668 3822 1.
687 3775 769 3822 11.
800 3772 817 3799 ‘
833 3773 904 3821 Et
926 3782 1028 3820 uno
1043 3771 1245 3820 nomine
1261 3770 1454 3830 omnia,

393 3863 509 3915 quae
521 3853 696 3898 essent
719 3848 890 3897 aliena
909 3846 1071 3895 firmae
1091 3853 1148 3895 et
1164 3845 1450 3895 constantis

394 3923 721 3987 assensionis,
761 3939 794 3972 a
847 3923 1046 3972 virtute
1097 3921 1452 3986 sapientiaque

393 3999 738 4050 removebat.’
801 3997 938 4050 Hae.

399 4097 406 4104 ·
456 4081 526 4126 09
556 4075 834 4138 Detibrata]
867 4074 996 4124 Cum
1017 4075 1070 4125 in
1093 4073 1289 4138 aliquot
1305 4071 1454 4146 libris

393 4167 657 4204 manuscr.
679 4153 990 4217 reperissem
1015 4151 1264 4213 scriptum
1285 4147 1455 4196 delibe-

391 4233 525 4292 rato,
557 4243 656 4293 ego
690 4230 920 4279 delibratn
941 4226 1176 4290 reposuit
1212 4222 1349 4288 quod
1379 4223 1457 4272 in-

397 4313 667 4370 terpretor
719 4305 1004 4366 deminuta,
1049 4308 1106 4352 et
1146 4302 1358 4364 violata,
1401 4305 1458 4349 et

2406 439 2580 506 1603

1523 582 1668 646 quasi
1684 581 1911 638 detrita
1954 587 2279 642 ‘delibrare’
2315 593 2449 646 enim
2492 610 2582 649 vs·

1520 656 1615 720 let,
1638 662 1887 712 corticem
1910 661 2207 729 detrahere,
2231 673 2288 719 ot
2320 685 2477 736 supra
2510 688 2576 724 ex

1519 733 1679 785 Festo
1700 736 1941 802 diximus,
1964 745 2183 793 3.1100.
2250 748 2268 775 ⁴
2294 747 2411 798 Nec
2431 763 2577 813 pror·

1518 819 1631 860 sum
1657 811 1819 864 vitam
1858 815 2098 868 ducendo
2134 819 2389 880 demimus
2418 825 2577 874 hilum

1518 883 1778 951 Tempore
1817 891 1883 941 de
1930 895 2135 958 mortis,
2176 911 2275 948 nec
2320 897 2579 952 delibrare

1519 961 1787 1014 valemus-3
1821 967 1919 1018 nisi
1953 971 2067 1034 quis
2107 972 2251 1022 malit
2284 973 2387 1039 legi
2416 983 2472 1026 et
2492 976 2579 1027 hic

1515 1039 1763 1104 delimato,
1789 1050 1845 1096 et
1867 1045 1975 1096 illic
1994 1061 2080 1096 neo
2111 1049 2334 1100 delimare
2354 1051 2579 1103 valemus.

1517 1127 1585 1164 ne
1622 1117 1830 1169 delibata
1874 1123 2079 1186 quidem
2118 1125 2370 1190 improbo,
2410 1135 2471 1179 nt
2509 1129 2579 1180 sit

1518 1193 1726 1243 tralatio
1772 1211 1802 1246 a
1848 1197 1965 1246 vino
2008 1199 2170 1250 libato
2212 1208 2269 1251 et
2313 1203 2576 1254 delibato:

1516 1269 1653 1332 quod
1690 1271 1900 1321 libando
1922 1273 2241 1327 deminutum
2277 1291 2391 1328 esse
2427 1279 2577 1330 iutel-

1516 1342 1713 1406 ligitur.
1779 1347 1948 1399 Lomb.
1982 1351 2226 1404 Delibero.
2280 1354 2367 1403 Ita
2400 1370 2577 1408 omnes

1516 1417 1654 1468 libri.
1741 1422 2041 1486 Lambinus,
2094 1427 2361 1488 deflorato,-
2427 1433 2577 1484 male.

1519 1495 1741 1546 Quidam
1779 1499 1916 1562 iibri,
1946 1501 2241 1564 deliber-otu
2271 1507 2425 1556 male.
2458 1508 2576 1557 deli·

1519 1570 1645 1622 boto.
1682 1573 1965 1638 deminuta,
1990 1577 2208 1638 violatae
2246 1586 2303 1628 nt
2341 1583 2577 1644 proximo

1517 1661 1691 1700 versu.
1760 1650 1929 1712 Gifon.
1997 1653 2177 1703 Malim
2218 1655 2444 1718 delibata,
2488 1659 2579 1707 de-

1515 1725 1731 1776 minuta.
1782 1726 1957 1778 Faber.
2006 1727 2089 1780 An
2110 1730 2339 1780 delion-oto
2362 1733 2465 1797 legi
2488 1733 2577 1784 de-

1517 1802 1641 1852 beat
1675 1811 1883 1854 certent
1922 1805 2199 1856 Lambinus
2236 1813 2292 1856 et
2325 1807 2577 1874 Gifanius,

1515 1877 1639 1928 dum
1661 1887 1849 1929 neutra
1883 1895 1985 1930 vox
2017 1879 2141 1930 ferri
2173 1888 2365 1945 potest.
2436 1885 2576 1948 Lege

1515 1960 1689 2002 antem
1726 1956 1929 2017 deii-oto,
1961 1955 2113 2004 valde
2150 1956 2301 2020 irata,
2322 1959 2578 2024 istamque

1514 2030 1929 2080 emendationem
1952 2031 2025 2080 illi
2046 2031 2135 2096 qui
2156 2041 2441 2096 sequuntur
2464 2049 2574 2084 ver-

1515 2119 1603 2154 sus
1648 2107 1976 2156 confirmant.
2047 2109 2240 2158 (ἔνθα-ὴ.
2320 2109 2420 2158 Illa
2463 2110 2579 2174 ipsa

1515 2181 1762 2244 Numina,
1784 2195 1899 2247 qum
1923 2191 1981 2232 tu
2006 2197 2141 2233 vano
2174 2190 2317 2234 metu
2350 2187 2447 2235 tibi
2476 2187 2578 2251 ipsi

1513 2255 1651 2306 irata
1691 2256 1865 2321 fingis,
1911 2258 2145 2308 delibata
2186 2261 2331 2326 quasi
2373 2261 2577 2312 illorum

1515 2332 1809 2395 majestate.
1876 2333 2048 2384 Recte
2071 2335 2205 2386 enim
2226 2343 2424 2399 praeter
2447 2339 2577 2388 alios

1514 2407 1745 2470 explicat
1778 2409 1939 2458 Turn.
1961 2409 2100 2460 Adv.
2138 2415 2189 2460 2.
2216 2415 2296 2462 12.
2338 2425 2433 2476 per
2456 2427 2578 2464 eon—

1515 2484 1785 2546 taminata‚
1820 2484 2096 2549 diminuta,
2129 2487 2339 2550 violata,
2371 2503 2476 2538 non
2515 2503 2581 2540 ea

1510 2556 1835 2622 integritate,
1852 2575 1954 2625 qna
1968 2569 2173 2622 sunt‚et
2190 2563 2395 2626 placida
2414 2579 2543 2628 pace
2560 2579 2575 2615 ε

1515 2633 1833 2698 adducitque
1879 2637 2145 2686 Ciceronis
2189 2638 2241 2686 in
2287 2639 2577 2690 Rhetoricis

1517 2707 1581 2756 od
1638 2709 1960 2758 Herennium
2017 2713 2225 2760 locum:
2258 2713 2385 2761 ‘ille
2438 2716 2580 2764 nulla

1521 2797 1650 2832 voce
1672 2783 1905 2834 delibans
1929 2787 2133 2834 insitam
2153 2788 2437 2837 virtutem?
2469 2790 2578 2839 Ad·-

1519 2859 1572 2906 di
1593 2865 1823 2908 meretur
1846 2861 2071 2925 Nepotis
2110 2863 2245 2911 alter
2276 2861 2329 2911 in
2351 2864 2581 2915 Datame

1521 2947 1639 2996 cap.
1654 2939 1706 2983 0.
1740 2938 1755 2964 ⁴
1782 2950 1847 2984 ne
1870 2938 2079 2999 cognita
2108 2937 2201 2988 filii
2234 2946 2401 2990 morte
2424 2941 2582 2991 animi

1520 3009 1879 3061 deliberentur
1902 3014 2157 3064 militum.’
2177 3013 2265 3062 nbi
2288 3016 2455 3065 minus
2476 3017 2585 3066 ele-

1463 3141 1478 3158 .
1519 3093 1705 3148 gauter
1727 3087 1907 3150 legunt
1932 3090 2311 3138 debilitarentur.
2376 3091 2515 3142 Hav.

1584 3165 1651 3210 70
1689 3162 1894 3226 violam]
1929 3165 2079 3214 Quod
2098 3163 2271 3228 fieret,
2284 3165 2327 3215 si
2344 3167 2437 3216 Dii
2454 3167 2584 3217 iras·

1521 3247 1785 3287 cerentur.
1818 3240 1896 3286 ira
1928 3239 2065 3288 enim
2098 3240 2346 3289 iratorum
2382 3248 2439 3290 et
2474 3244 2581 3292 ani*

1521 3328 1633 3362 mos
1652 3318 1709 3362 et
1730 3328 1951 3377 corporo
1982 3316 2232 3365 immutat.
2295 3317 2463 3367 Lamb-

1585 3395 1647 3440 71
1684 3391 1913 3455 Imbiboet]
1946 3392 2011 3442 In
2049 3393 2217 3442 animo
2258 3393 2466 3458 habeat,
2496 3408 2587 3444 ve-

1521 3467 1795 3517 hementer·
1830 3469 2023 3532 cupiat.
2068 3469 2144 3518 sic
2186 3483 2299 3532 sup.
2342 3472 2390 3519 Β.
2437 3475 2584 3520 1009.

1524 3545 1539 3572 ‘
1560 3543 1665 3595 Qui
1690 3550 1873 3605 petere
1896 3559 1925 3592 a
1948 3545 2142 3608 populo
2170 3542 2375 3608 fasceis,
2398 3559 2586 3596 saevas-

1523 3629 1625 3684 que
1662 3619 1893 3668 secureis
1928 3618 2180 3669 Imbibit!
2242 3620 2346 3669 Sed
2368 3622 2453 3671 Jo.
2476 3619 2585 3671 Au·

1523 3701 1672 3744 ratus
1707 3694 1821 3743 vult
1862 3695 1965 3758 legi
2008 3695 2212 3756 immet,
2246 3696 2385 3760 quod
2426 3696 2587 3746 inter-

1525 3773 1781 3832 pretatur,
1804 3769 2042 3833 incipiat.
2078 3771 2191 3819 vult
2214 3772 2349 3820 enim
2386 3771 2586 3828 imbito,

1525 3857 1600 3907 as,
1636 3853 1711 3906 at,
1736 3844 1947 3894 verbum
1983 3859 2099 3894 esse
2140 3847 2479 3909 compositum
2515 3861 2583 3896 ex

1525 3921 1577 3970 in
1599 3928 1659 3971 et
1696 3921 1771 3970 ito
1794 3935 1869 3983 as,
1892 3921 2203 3986 interposito
2236 3923 2283 3984 b,
2304 3929 2365 3971 ut
2386 3923 2404 3951 ‘
2426 3921 2585 3971 ambi-

1528 3997 1621 4060 go’
1649 4011 1715 4045 ex
1738 4010 1819 4045 am
1844 4004 1897 4046 et
1926 4011 2043 4059 ago,
2066 3998 2081 4025 ‘
2101 3997 2283 4046 embeo
2299 3997 2315 4020 '
2338 4011 2403 4045 ex
2428 4012 2507 4046 am
2532 4005 2588 4047 et

1527 4087 1609 4121 eo.
1676 4071 1865 4135 Itaque
1882 4078 1939 4121 et
1960 4086 2071 4136 sup.
2094 4072 2185 4121 lib.
2206 4076 2255 4122 3·.
2293 4071 2419 4134 legit
2448 4072 2588 4122 imbi-

1525 4152 1633 4196 tat=
1668 4152 1723 4196 et
1768 4147 1905 4210 apud
1943 4148 2020 4198 M.
2057 4148 2191 4198 Tuli.
2232 4163 2329 4211 pro
2366 4149 2586 4199 Quintio

1527 4223 1833 4272 imbitoverit.
1874 4223 1985 4286 Ego
2018 4226 2033 4251 ‘
2054 4223 2319 4286 imbitere‚’
2340 4229 2399 4275 et
2418 4223 2433 4252 ‘
2450 4237 2585 4286 prae-

1528 4296 1819 4362 terbitere,'
1842 4303 1899 4348 et
1920 4303 2096 4349 cetera
2114 4297 2400 4361 composita
2420 4310 2452 4347 a
2475 4311 2589 4348 ver-
