3200 4959
546 436 614 484 T.
669 436 1025 485 LUGRE'rn
1072 438 1249 485 oAlu
1304 436 1404 487 BR
1452 436 1723 489 8320ss
1765 440 1942 488 mr?-
1991 442 2134 493 mu.
2184 446 2284 490 Vl.

360 583 405 627 1.
444 582 557 627 344.
588 582 789 628 motum
826 580 1077 630 οὔούκ-ι
1110 582 1411 645 appellarit,

358 656 377 681 ‘
400 654 523 703 Non
553 661 663 703 tum
686 655 911 705 sollicito
938 662 1085 707 motu
1106 660 1305 719 privata
1327 672 1410 707 ca-

356 728 681 791 terentfdw.
708 732 809 792 vel,
832 738 889 781 ut
907 733 1119 795 legebat
1134 734 1264 783 Adr.
1284 735 1410 783 Tur-

356 806 477 852 neb.
496 812 735 867 prognata
764 813 993 856 carerent.
1030 822 1061 856 a
1100 824 1203 874 quo
1238 818 1411 859 tamen

356 880 623 929 dissentio.
662 880 831 929 Lumb.

420 960 547 1005 1037
584 955 827 1020 Verberat]
849 956 1121 1014 Verberat,
1139 958 1259 1021 quia
1280 974 1412 1008 aem·

353 1045 449 1093 per
470 1039 726 1094 movetur,
750 1040 804 1080 ut
838 1031 990 1094 dixit,
1022 1034 1087 1081 ab
1122 1034 1242 1083 aere
1276 1035 1412 1084 ecili-

353 1114 441 1171 cet
460 1108 833 1170 circumposito
844 1111 1095 1173 jactatus.
1124 1110 1291 1159 Lomb.

419 1186 549 1231 1038
584 1185 737 1245 Atque
771 1186 949 1248 eodem]
996 1184 1043 1233 1.
1066 1198 1115 1233 e.
1138 1186 1266 1233 etin
1288 1199 1407 1234 eun·

353 1256 471 1306 dem
502 1259 692 1307 locum.
726 1260 779 1307 in
805 1274 930 1309 voce
966 1262 982 1288 ‘
1003 1259 1218 1310 eodem'
1258 1278 1283 1310 e
1306 1268 1361 1311 et
1382 1277 1409 1310 ο

350 1348 447 1396 pro
478 1348 581 1382 una
620 1335 815 1396 syllaba
843 1335 1117 1385 habentur.
1185 1338 1407 1389 Quidam

352 1419 529 1459 temen
550 1410 732 1473 legunt
750 1416 889 1474 atque
904 1413 987 1461 illo
1003 1412 1186 1473 fertur.
1224 1415 1407 1465 Lamb.

419 1489 548 1534 1⁰³9
580 1488 650 1535 Et
680 1502 957 1551 quamquam
993 1492 1045 1539 in
1076 1497 1282 1554 portem,
1303 1492 1407 1556 ξω]

350 1564 393 1613 1.
416 1576 465 1613 e.
492 1572 549 1614 et
584 1566 637 1614 iu
672 1581 1042 1632 quamcumque
1080 1578 1286 1632 portem
1324 1585 1408 1620 co-

348 1646 529 1688 natum
552 1641 704 1689 eundi
730 1642 926 1691 sumsit.
993 1642 1084 1692 Sic
1124 1650 1297 1694 autem
1329 1659 1405 1694 re-

349 1716 499 1765 stitui
519 1723 625 1765 tum
647 1718 881 1767 lectionis
914 1718 1163 1768 varietate
1188 1722 1407 1769 commo·

348 1796 455 1851 tus,
490 1800 599 1841 tum
638 1793 850 1856 vulgata
888 1794 1115 1845 lectione
1160 1794 1405 1847 offensae.

350 1866 486 1915 Nam
520 1868 606 1916 alii
648 1868 839 1918 liabent
878 1884 1073 1919 menum
1110 1872 1164 1919 in
1202 1878 1405 1935 portem,

350 1944 437 1993 alii
454 1948 641 2005 partem
670 1944 721 1993 iu
742 1959 953 2007 menam,
975 1946 1061 1995 alii
1081 1952 1219 2009 porte
1248 1949 1301 1996 iu
1321 1963 1403 1997 vo-

346 2032 445 2079 cae,
462 2018 547 2066 alii
564 2024 705 2081 parte
718 2019 770 2069 iu
784 2032 941 2085 vacue,
962 2022 1116 2083 plane
1136 2023 1402 2075 mendose.

348 2094 517 2143 anb.

412 2172 482 2219 Et
498 2176 683 2236 portem
702 2173 754 2221 in
774 2188 965 2222 caenam
992 2173 1233 2223 conamina
1246 2190 1405 2239 sump-

346 2245 439 2307 sit]
490 2245 579 2296 lta
612 2262 791 2297 omnes
811 2248 922 2297 fere
947 2249 1087 2312 libri,
1110 2260 1263 2299 manu
1300 2250 1405 2301 for-

344 2323 543 2387 misque
564 2324 830 2389 descripti.
896 2327 1138 2389 Quidam,
1154 2342 1309 2391 vacue,
1322 2344 1405 2377 vo-

346 2412 445 2447 cae.
512 2398 692 2461 Forte,
710 2416 935 2465 quamque
954 2404 1005 2452 in
1020 2408 1220 2465 partem.
1254 2404 1404 2452 Lam·

335 2474 521 2535 -binuS,
540 2491 820 2539 quamquam,
840 2478 893 2525 iu
910 2484 1113 2540 partem.
1146 2476 1325 2529 Gifan.

414 2553 541 2598 1040
570 2551 653 2598 Fit
668 2566 845 2614 quoque
864 2557 919 2600 ut
940 2567 971 2599 a
994 2552 1171 2615 lapide]
1204 2554 1289 2601 Fit
1305 2552 1406 2601 eti-

350 2639 431 2673 am
466 2624 683 2689 (inquit)
706 2632 764 2675 ut
785 2625 977 2675 ferrum
1012 2628 1079 2675 ab
1110 2629 1208 2675 hoc
1227 2628 1403 2690 lapide

345 2699 586 2763 refugiat,
609 2708 910 2751 consuetum
934 2703 1089 2753 modo
1111 2705 1277 2767 sequi,
1296 2718 1403 2752 mo·

348 2776 419 2823 do
458 2776 677 2839 fugere:
732 2779 877 2841 sequi
922 2778 1149 2841 quidem,
1178 2780 1319 2827 nulla
1346 2792 1405 2827 re

346 2851 485 2899 inter
508 2852 735 2913 lapidem
754 2860 811 2901 et
833 2852 1029 2901 ferrum
1067 2853 1401 2915 interposita:

344 2924 527 2987 fugere
547 2931 739 2987 autem,
760 2941 865 2976 aere
883 2926 1207 2989 interposito.
1242 2927 1408 2977 Lomb.

347 2999 581 3049 Adnotat
604 3000 926 3063 Gasaendue,
963 3002 1130 3051 videri
1163 3004 1405 3051 Lucretio

346 3084 683 3139 perspectum
712 3076 871 3126 fuisse
893 3078 945 3126 id
980 3078 1407 3141 experimentum,

347 3167 451 3217 quo
476 3155 695 3217 Magnes
728 3153 922 3203 serrum
954 3154 1211 3203 interdum
1246 3156 1405 3203 meni-

344 3228 487 3277 feste
535 3229 762 3293 repellit,
803 3229 1075 3278 videturve
1122 3230 1401 3291 repellere:

350 3308 572 3370 scilicet,
624 3308 1001 3371 deprehensum
1056 3312 1137 3357 est
1188 3314 1315 3357 esse·
1353 3309 1404 3356 in

346 3383 601 3447 Magnete
655 3384 785 3433 duas
839 3383 1083 3448 quaedam
1140 3385 1405 3447 oppositas

348 3468 527 3522 partes
548 3460 722 3525 (polos
755 3461 865 3523 jam
886 3460 1045 3523 vulg'o
1076 3460 1309 3522 dicimus,
1332 3462 1405 3509 al-

346 3541 520 3583 terum
564 3536 793 3597 boreum,
834 3537 1053 3585 alterum
1098 3535 1406 3605 austrinum)

346 3624 560 3675 quarum
593 3613 681 3659 uni
708 3612 749 3659 si
768 3611 1103 3661 admoveatur
1125 3625 1281 3659 unum
1304 3610 1405 3659 fer-

348 3700 455 3735 reae
480 3700 603 3736 acus
626 3693 932 3749 extremum,
953 3688 1185 3737 trahatur
1208 3687 1275 3735 ab
1299 3688 1406 3748 illa,

348 3768 407 3821 et
422 3762 464 3810 si
488 3763 625 3811 idem
650 3770 935 3813 extremum
968 3770 1149 3827 postea
1168 3762 1407 3811 admove-

334 3844 469 3887 atur
490 3838 659 3901 alteri,
680 3840 745 3887 ab
784 3839 872 3887 illa
909 3839 1155 3903 refugiat,
1200 3839 1405 3901 repelli-

350 3926 451 3975 qne
472 3920 756 3976 appareat3
790 3929 907 3963 cum
942 3921 998 3963 et
1018 3914 1225 3963 aliunde
1245 3929 1405 3977 oppo-

348 3989 504 4037 situm
526 3989 592 4038 ab
625 3990 729 4038 ista
760 3992 1013 4053 trahatur,
1052 3992 1119 4041 ab
1154 3993 1240 4041 illa
1272 3990 1406 4042 refu-

350 4062 477 4124 giat.
536 4062 613 4112 At
636 4064 787 4113 nimis
822 4064 921 4113 sibi
958 4064 1197 4129 indulget
1219 4066 1298 4114 vir
1318 4062 1406 4115 ille

351 4152 585 4201 magnus,
620 4140 746 4188 nihil
784 4140 922 4189 euim
962 4140 1015 4189 in
1052 4140 1131 4189 his
1174 4141 1407 4189 versibus

350 4215 659 4277 proponitur
698 4214 763 4263 de
798 4214 923 4279 fuga
958 4214 1103 4275 ferri,
1136 4216 1273 4279 quod
1314 4231 1408 4279 per

352 4292 624 4355 sequentia
646 4292 883 4355 exempla
905 4306 1007 4341 nou
1031 4292 1154 4341 satis
1178 4290 1407 4341 declara-

957 4464 985 4490 Ο

2373 430 2546 494 1695

1487 589 1591 631 tur.
1639 583 1794 647 Saepe
1817 586 1991 635 autem
2009 585 2140 637 vidit
2160 586 2428 637 Lucretius
2445 590 2544 637 'mi-

1484 667 1638 708 nutos
1675 662 1914 723 annulos,
1953 670 2008 711 ct
2055 671 2290 711 ramenta
2329 663 2452 713 ferri
2489 666 2542 713 iu

1486 749 1610 783 vase
1655 751 1800 784 aeueo
1843 738 2012 799 posita
2059 738 2370 798 subrahere,
2421 754 2542 788 cum

1485 810 1704 871 Magnes
1723 825 1810 857 vas
1833 810 1971 859 istud
1996 826 2192 861 oeueum
2219 813 2399 862 subtus
2421 828 2546 862 con·

1486 885 1745 946 tingeret3
1792 894 1848 935 et
1883 902 2153 949 persuasus
2185 904 2392 939 causam
2429 906 2544 941 esse

1486 958 1537 1007 iu
1560 974 1780 1023 corpore
1801 964 1914 1010 aeris
1948 963 2272 1027 interposito,
2305 967 2444 1029 (cum
2467 968 2543 1015 iu-

1488 1038 1744 1099 ter-posito
1770 1046 1940 1087 tamen
1985 1042 2170 1101 vitreo,
2207 1041 2396 1104 ligneo,
2421 1044 2544 1105 lapi-

1484 1112 1606 1173 deo,
1635 1114 1815 1175 quovis
1849 1115 1967 1172 alio,
2003 1116 2138 1163 haud
2173 1132 2322 1167 secus
2345 1121 2546 1168 contin-

1485 1188 1617 1251 gat,)
1639 1191 1710 1238 ita
1734 1204 1940 1240 causam
1969 1194 2157 1243 exinde
2191 1194 2383 1256 reddit,
2405 1199 2543 1261 quod

1484 1264 1681 1313 eniiseis
1707 1279 1910 1329 quoque
1933 1282 1999 1316 ex
2023 1283 2128 1317 mre
2161 1272 2214 1319 in
2241 1269 2460 1321 frustula
2485 1284 2542 1324 et

1486 1348 1720 1392 ramenta
1759 1339 1886 1390 ferri
1930 1346 2267 1407 corpusculis,
2321 1350 2543 1411 spatiola

1484 1413 1614 1462 ferri
1653 1416 1716 1465 iis
1755 1418 1828 1465 sic
1871 1421 2249 1484 compleantur,
2293 1431 2350 1472 ut
2395 1436 2541 1473 acce-

1484 1490 1662 1539 dentia
1701 1489 1946 1557 deinceps
1985 1498 2292 1559 corpuscula
2329 1496 2543 1559 Magne-

1485 1564 1589 1614 tica
1623 1580 1718 1629 per
1741 1582 1813 1617 aas
1836 1570 2059 1633 trajecta
2083 1572 2166 1621 ubi
2191 1586 2252 1621 ea
2284 1576 2540 1635 occupata

1483 1642 1831 1704 comperiunt,
1853 1644 2172 1709 euhagiteut,
2209 1654 2264 1697 et
2287 1662 2390 1711 quo
2427 1663 2544 1710 pos·

1483 1724 1605 1765 suut
1622 1718 1734 1766 nisu
1761 1720 2072 1782 propellant.
2104 1736 2207 1772 vsa.
2230 1727 2308 1773 14.
2351 1724 2542 1772 Creech.

1548 1799 1673 1845 1041
1710 1797 1975 1861 Interdum,
2003 1799 2202 1861 fugere,
2237 1806 2394 1865 atque,
2433 1804 2542 1865 ξω]

1482 1870 1614 1921 Quae
1649 1873 1916 1921 consuevit
1951 1875 2107 1923 modo
2146 1874 2346 1939 fugere,
2389 1878 2541 1925 modo

1480 1945 1660 2009 aequi:
1692 1950 1709 1974 ⁴
1732 1948 2010 1997 consueta'
2046 1952 2372 2014 participium
2387 1954 2541 2016 junc-

1482 2026 1591 2069 tum
1637 2036 1753 2070 cum
1802 2022 2073 2074 infinitivo.
2141 2028 2226 2074 De
2281 2043 2380 2090 quo
2424 2030 2542 2091 lege

1480 2108 1598 2159 quae
1623 2098 1978 2146 annotavimus
2017 2100 2108 2163 ibi,
2143 2102 2158 2129 ‘
2187 2100 2260 2151 At
2293 2110 2541 2153 consueta

1482 2170 1617 2219 domi
1641 2171 1963 2235 catulorum,’
1985 2177 2080 2225 ὅτε.
2114 2182 2163 2226 4.
2186 2181 2301 2228 995.
2333 2180 2501 2229 Lomb.

1548 2250 1678 2295 1042
1721 2246 2050 2299 Samothracia
2077 2252 2270 2315 ser-reo]
2312 2255 2533 2305 Ferreus

1483 2324 1716 2384 annulos,
1737 2337 1768 2371 a
1798 2324 2169 2388 Samothracia,
2206 2329 2294 2377 ubi
2319 2331 2539 2393 primum

1481 2395 1595 2445 fieri
1641 2399 1802 2461 coepti
1846 2409 1986 2464 sunt,
2027 2402 2227 2453 dictos:
2265 2408 2352 2469 qui
2387 2416 2540 2456 erant

1480 2473 1666 2534 pervii,
1708 2480 1764 2522 et
1806 2478 1963 2537 cassi,
2003 2492 2168 2542 eoque
2207 2481 2539 2543 gerebantur,

1482 2548 1620 2611 quod
1645 2548 1840 2613 aliquid
1863 2552 2112 2602 habereut
2145 2547 2444 2617 ἆλέξίφθονον
2462 2557 2540 2605 καὶ

1482 2621 1768 2683 ἀλεξίκακον.
1793 2628 1938 2688 quasi
1962 2630 2186 2677 amuleta
2206 2632 2462 2693 quaedam,
2481 2639 2540 2681 et

1476 2698 1711 2760 proebia,
1732 2714 1823 2749 seu
1855 2701 1939 2765 (ut
1969 2704 2058 2751 alii
2077 2706 2370 2770 appellant)
2389 2710 2538 2770 profe-

1477 2775 1588 2825 bra.
1646 2777 1812 2833 Lamb.
1897 2778 2088 2828 Annuli
2131 2781 2310 2845 ferrei,
2351 2786 2537 2848 pervii,

1478 2857 1535 2899 et
1550 2853 1681 2899 cassi
1702 2869 1716 2901 ε
1741 2855 1860 2901 olim
1883 2852 2069 2905 flamen
2092 2856 2244 2905 dialis
2267 2860 2537 2922 'gestabat3

1474 2926 1489 2953 ‘
1510 2924 1718 2975 Annulo
1739 2930 1838 2977 uisi
1863 2931 2040 2991 pervio
2074 2946 2325 3001 cassoque
2345 2950 2412 2984 ne
2437 2936 2537 2984 uti-

1481 3002 1598 3052 tor!
1661 3004 2090 3068 DemumServi'3
2115 3016 2171 3057 et
2194 3009 2353 3057 Plinii
2381 3017 2540 3061 etate

1476 3076 1734 3128 ‘Servitia
1759 3080 1870 3141 jam
1913 3081 2108 3131 ferrum
2147 3098 2270 3132 auro
2305 3085 2537 3149 cingunt,

1480 3152 1575 3201 alia
1596 3166 1692 3215 per
1715 3169 1828 3203 sese
1849 3170 1992 3205 mero
2017 3170 2142 3205 auro
2163 3159 2431 3218 decorant,
2451 3166 2538 3208 cu·

1470 3226 1561 3289 jue
1603 3227 1827 3277 licentiae
1885 3230 2028 3292 origo
2079 3232 2284 3280 nomine
2323 3233 2434 3295 ipso
2485 3236 2536 3283 in

1480 3302 1816 3351 Samothrace
1852 3302 1904 3351 id
1936 3306 2231 3355 institutum
2253 3306 2538 3358 declarat.:’

1480 3378 1621 3428 Plin.
1653 3379 1780 3428 Nat.
1817 3380 1957 3430 Hist.
1979 3386 2064 3429 33.
2087 3386 2133 3432 1.
2169 3384 2362 3433 Creecli.
2427 3383 2538 3433 Ali-

1479 3456 1682 3519 quando
1701 3456 1763 3504 τὰ
1784 3458 1800 3485 ‘
1819 3457 2174 3508 Samothracia
2191 3458 2205 3481 ’
2224 3474 2319 3523 pro
2344 3468 2532 3523 myste-

1477 3533 1567 3581 riis
1581 3533 1812 3582 Deorum
1835 3534 2247 3598 Samothracum,
2267 3550 2354 3584 seu
2381 3536 2536 3586 Cabi-

1481 3624 1650 3659 rorum
1681 3618 1970 3673 sumuntur,
2007 3621 2066 3659 ut
2101 3612 2238 3675 apud
2261 3612 2536 3661 Tertullia-

1480 3700 1600 3749 num
1621 3700 1668 3735 c.
1690 3689 1738 3735 8.
1773 3687 1926 3749 Apol.
1947 3687 2038 3735 sed
2063 3687 2158 3735 lioc
2181 3687 2295 3735 loco
2319 3688 2534 3735 annulo}

1479 3758 1675 3810 ferreos
1691 3760 2032 3825 ἆλεξητηρίους,
2049 3763 2136 3824 qui
2159 3776 2224 3809 ex
2241 3762 2536 3815 Samothra·

1478 3836 1561 3885 cia
1597 3835 1964 3899 afferebantur,
2009 3852 2072 3886 ea
2114 3852 2214 3886 vox
2258 3836 2536 3900 significat.

1482 3912 1630 3961 Tales
1682 3913 1836 3963 finisse
1889 3915 2004 3963 illos
2037 3915 2266 3963 —Eudami
2322 3915 2536 3963 annulos

1480 3988 1723 4049 arbitror,
1758 3990 1823 4038 de
1847 3991 2031 4053 quibus
2066 3991 2377 4039 comicorum
2399 3990 2536 4053 priu-

1478 4077 1604 4128 ceps
1649 4064 1700 4112 in
1745 4066 1921 4114 Pluto.
1956 4065 2129 4114 Faber.
2211 4064 2433 4113 Omnino
2467 4064 2534 4112 de

1481 4140 1682 4189 annulis
1708 4141 2100 4203 intelligendum
2125 4146 2222 4189 est.
2293 4140 2449 4191 Plinii
2483 4148 2538 4189 et

1478 4216 1696 4265 aliorum
1711 4218 1824 4265 loca
1841 4218 1928 4279 qui
1943 4215 2223 4281 desideret,
2241 4216 2394 4267 adeat
2409 4217 2538 4264 Tur-

1483 4292 1604 4339 neb.
1627 4290 1764 4341 Adv.
1793 4296 1875 4341 20.
1899 4296 1981 4342 20.
2018 4292 2148 4342 Hoc.
