3200 4959
1092 456 1180 503 ·1·.·
1208 452 1567 503 nuenarii
1615 454 1826 502 cnm.
2104 492 2110 499 .
2387 438 2560 506 ΠΗ

442 600 527 665 Τ.
561 599 875 677 Lucretii,
902 604 1022 665 stc.
1067 598 1351 667 Mediol·
1385 618 1503 683 per
1533 598 1783 682 Aloys.
1817 598 2142 675 Musium',
2174 598 2364 665 1807.
2398 599 2516 665 fol.

446 700 860 767 Creechiana
886 700 1095 766 editio
1126 702 1405 785 repetita
1425 700 1621 767 1807.
1642 700 1790 765 Svo.
1839 700 1900 763 E
1923 700 2378 785 typographeo
2403 701 2562 768 Cla

358 801 805 879 rendoniano,
814 800 1054 866 nitide
1082 820 1437 885 expressa.

446 903 531 967 In
562 902 917 987 Excerptis
946 922 1035 969 ex
1066 904 1271 968 variis
1310 902 1533 987 Ροὸῐὶε
1563 903 1683 987 qui
1729 904 1811 967 in
1849 902 2099 967 scholis
2142 903 2468 985 leguntur,
2507 925 2559 971 a

359 1004 631 1086 Roget-0
660 1003 1041 1083 Pitmanuo,
1088 1004 1159 1069 in
1188 1024 1385 1071 usum
1428 1024 1626 1070 suum
1665 1006 1894 1070 multa
1913 1004 2326 1069 Lucretiana
2355 1006 2561 1071 trahit

358 1104 599 1171 editor.
644 1105 857 1171 Lond.
886 1104 1081 1171 1808.
1111 1104 1267 1172 Svo.
1350 1110 1355 1117 '
2545 1128 2552 1137 ·

448 1204 673 1280 Editio
720 1204 1097 1289 Bipontina
1140 1205 1369 1271 multis
1396 1210 1600 1272 aucta
1649 1216 1723 1273 et
1771 1213 2068 1275 correcta
2123 1208 2402 1325 vulgata
2453 1210 2560 1275 est

363 1304 783 1390 Argentorati
814 1304 1009 1372 1808.
1037 1307 1193 1372 Svo.
1216 1307 1372 1392 maj.

442 1408 526 1473 Τ.
573 1406 869 1477 Lucretii
916 1406 1074 1474 Cari
1120 1408 1203 1472 de
1256 1408 1511 1477 Rerum
1560 1408 1830 1477 Natura
1875 1410 2026 1475 libri
2057 1428 2156 1477 vr.
2212 1412 2300 1477 ad
2359 1380 2562 1479 fidem

356 1508 674 1574 editionis
707 1508 1139 1575 Creechianae
1172 1518 1487 1577 accurate
1513 1513 1850 1597 expressi.
1937 1512 2238 1579 Excudit
2273 1513 2360 1580 A.
2391 1516 2552 1581 Bal-

355 1611 527 1687 four,
557 1609 799 1675 Edinb.
822 1610 1195 1681 1812..8vo.

437 1710 527 1775 Τ.
559 1710 857 1775 Lucretii
886 1710 1050 1779 Cari
1077 1714 1187 1779 De
1220 1714 1472 1781 Rerum
1502 1716 1769 1783 Natura
1788 1717 1977 1782 Libri
2003 1738 2125 1783 sex
2148 1740 2192 1799 ς.
2213 1718 2302 1784 ad
2331 1717 2556 1784 exem-

354 1812 511 1897 plar
537 1809 828 1877 Gilberti
857 1812 1265 1895 Wakefield,
1302 1816 1387 1882 A.
1413 1819 1496 1882 Β.
1544 1838 1701 1885 cum
1727 1819 2029 1904 ejusdem
2078 1821 2308 1900 Notis,
2355 1820 2556 1885 Com-

356 1915 727 1994 mentariiS,
758 1914 1139 1994 Indicibus,
1166 1916 1455 1983 fideliter
1478 1922 1740 1985 excusi.
1806 1920 2122 2004 Adjectae
2150 1927 2302 1987 sunt
2323 1922 2558 1986 editio-

356 2033 516 2082 num
547 2016 862 2111 quinque,
890 2017 957 2081 in
988 2020 1233 2101 quibus
1264 2019 1630 2105 Principi3‚
1684 2021 2032 2099 Fen-andi,
2079 2022 2408 2091 lectiones
2437 2040 2557 2088 va-

354 2116 607 2183 riantes
626 2138 859 2184 omnes
880 2138 899 2199 ς
927 2128 1005 2183 ut
1024 2126 1095 2186 et
1110 2122 1393 2204 integrae
1416 2122 1703 2191 Ricardi
1723 2123 2014 2188 Bentleii
2036 2122 2552 2202 AnnotationeS,

356 2218 875 2300 Illustrationes,
902 2219 1351 2306 conjecturae,
1380 2244 1471 2290 ex
1484 2226 1714 2309 ipsius
1745 2225 2184 2309 autographo,
2213 2227 2282 2291 in
2305 2226 2554 2290 Museo

358 2319 744 2389 Britannico
795 2330 1217 2391 conservato.
1284 2324 1618 2409 Glasgzuae
1669 2326 1860 2393 1813.
1904 2327 1949 2389 4
1999 2326 2161 2390 voll.
2201 2326 2356 2391 Svo.
2443 2323 2558 2391 Ad

355 2420 607 2491 dictum
636 2426 988 2507 exemplar
1032 2423 1418 2490 fidelissime
1468 2433 1536 2493 et
1585 2426 2092 2493 accuratissime
2115 2446 2398 2492 excusa
2443 2436 2554 2493 est

353 2521 504 2588 haec
532 2525 761 2591 editio.
794 2525 1372 2609 Splendidissimae
1404 2526 1967 2593 Wakefieldianae
1997 2528 2312 2593 editionis
2341 2529 2412 2593 in
2431 2528 2554 2593 fol.

354 2626 585 2713 multis
611 2623 1111 2710 exemplaribus
1156 2625 1311 2708 igne
1352 2626 1581 2691 voraci
1613 2629 2014 2704 constantie,
2063 2629 2274 2693 editio
2319 2630 2392 2693 in
2417 2630 2556 2695 4to.

353 2727 571 2816 magis
601 2725 975 2792 desiderata
998 2726 1227 2804 fiebat,
1270 2726 1442 2791 adeo
1470 2730 1547 2791 ut
1574 2747 1875 2811 praesens
1918 2746 2050 2792 non
2076 2728 2276 2794 modo
2306 2748 2557 2813 oppor-

353 2833 545 2905 tuna,
572 2829 697 2894 sed
728 2848 921 2911 paeue
948 2829 1334 2893 necessaria
1353 2836 1563 2893 esset.

439 2928 584 2995 The
630 2927 893 2997 Nature
936 2930 1025 2995 of
1067 2928 1343 3012 ThingS,
1399 2950 1443 2995 a
1485 2929 1868 2998 didascalic
1918 2882 2142 3016 poem,
2183 2884 2556 2997 translated
2611 2998 2616 3003 .

353 3032 527 3101 from
566 3032 678 3097 the
726 3030 931 3095 Latin
984 3030 1066 3094 of
1109 3029 1310 3095 Titus
1368 3031 1427 3095 1,
1428 3032 1722 3095 ucretius
1773 3032 2025 3098 Carus:
2071 3032 2554 3116 accompanied

352 3132 512 3198 with
544 3132 1099 3211 Commentaries,
1128 3133 1616 3216 comparative,
1662 3134 2077 3211 illustrative,
2123 3134 2255 3197 and
2286 3134 2554 3197 scienti-

352 3234 487 3314 ἧος
528 3235 661 3302 and
700 3235 818 3299 the
867 3234 1019 3303 Life
1059 3234 1148 3303 of
1162 3242 1167 3247 '
1188 3235 1545 3319 Epicurus,
1613 3234 1720 3319 By
1745 3234 2040 3299 Thomas
2070 3235 2333 3317 Busby,
2366 3234 2556 3301 Mus.

355 3332 533 3411 Doc.
562 3334 847 3401 cantab.
914 3334 1131 3401 Lond-
1153 3337 1351 3425 1813.
1380 3336 1425 3401 2
1457 3336 1616 3402 voll.
1647 3339 1784 3401 asto.
1874 3336 2118 3401 Versio
2161 3342 2279 3399 est
2324 3356 2554 3399 nume-

354 3456 535 3516 rosa,
564 3437 907 3522 splendide
934 3438 1285 3521 impressa,
1312 3439 1386 3503 in
1429 3438 1640 3503 fronte
1666 3437 1924 3502 habens
1955 3434 2234 3520 Epicuri
2261 3438 2547 3503 iconem.

344 3537 643 3611 'sextum
671 3538 1083 3604 Wakefieldi
1109 3541 1408 3624 sequitur
1438 3539 1808 3617 Busbeius‚
1849 3540 1922 3605 in
1957 3539 2194 3623 paucis
2242 3558 2404 3604 vero
2457 3542 2546 3603 ab

336 3650 438 3705 'eo
468 3640 739 3707 secedit.
832 3639 1210 3723 Pfaefigitur
1238 3641 1403 3705 Vita
1435 3641 1758 3719 Lucretii,
1783 3647 1856 3705 et
1873 3640 2291 3706 Dissertatio
2317 3640 2386 3704 in
2413 3662 2552 3725 qua

354 3740 854 3825 philosophiam
900 3741 1175 3826 Epicuri
1222 3741 1525 3826 pluribus
1575 3743 2033 3827 prosequitur,
2065 3748 2140 3805 et
2181 3759 2400 3807 mores
2430 3743 2548 3809 de-

351 3842 584 3909 fendit.
701 3842 891 3908 Huic
942 3842 1362 3927 subjungitur
1405 3842 1799 3908 Poemation
1846 3844 2082 3909 Latine
2129 3846 2454 3927 scriptum
2502 3864 2551 3909 a

272 3969 277 3971 ·
352 3944 655 4025 Georgia
685 3945 893 4029 Dyer,
922 3964 1062 4028 quo
1082 3942 1575 4009 Wakefieldum
1613 3946 1988 4010 Lucretium
2020 3947 2348 4014 editurum
2375 3964 2558 4029 praem

355 4046 631 4111 dicavit.
720 4046 879 4111 Hoc
910 4048 1117 4111 etiam
1150 4046 1431 4129 Anglice
1458 4047 1653 4112 vertit
1682 4047 2044 4125 Busbeius‚
2091 4048 2215 4111 sed
2262 4048 2332 4110 in
2365 4047 2548 4111 Lati-

352 4168 511 4213 num
544 4148 899 4231 exemplar
930 4146 1095 4227 duo,
1139 4168 1293 4231 quae
1315 4149 1634 4213 omnibus
1664 4149 1892 4213 statim
1921 4150 2266 4231 patebunt,
2308 4154 2542 4213 crassa

353 4249 753 4335 typographi
812 4248 1193 4332 sphalmata
1256 4248 1547 4329 admisit,
1600 4250 1882 4333 paginas
1943 4256 2082 4313 tam
2155 4249 2542 4333 splendidas

353 4350 537 4415 foede
565 4349 995 4416 maculantia.
