3200 4959
612 426 787 495 17⁴8
897 440 1287 493 ascensus
1336 437 1767 489 nutrior-mu
1815 438 1880 487 τ.
1927 438 2288 491 ιυοιιητιι
2337 442 2544 490 cam.

698 586 1221 655 Observationes
1258 582 1347 651 ad
1373 582 1454 648 Τ.
1487 583 1785 652 Lucretii
1873 600 2097 649 armen
2120 582 2206 648 de
2251 570 2514 651 Rerum
2539 576 2816 649 Natura

614 689 893 776 scripsit
918 687 1144 753 Trauz·
1182 686 1365 753 Frid.
1413 686 1766 763 Benedict,
1875 690 2222 751 rmament.
2251 684 2448 750 1815.
2532 684 2818 769 Optime

614 791 892 859 audiunt
917 790 1026 855 hee
1056 788 1608 867 ObservationeS,
1653 788 1828 854 adeo
1853 793 1935 852 ut
1961 807 2132 871 aegro
2159 788 2370 853 ferant
2407 788 2544 853 viri
2585 788 2821 852 critici

614 908 749 961 eas*
758 910 897 957 non
924 892 1101 956 ultra
1124 889 1297 956 duos
1320 891 1527 955 libros
1547 889 1872 973 protrahi.

698 992 1087 1076 Descriptio
1115 992 1329 1076 pestis
1356 1010 1512 1075 quae
1545 989 1842 1059 Atticam
1875 988 2274 1068 devastavit,
2295 1008 2385 1055 cx
2403 989 2816 1056 Germanica

612 1095 917 1161 versione
966 1093 1251 1171 Knebel,
1306 1092 1672 1177 separatim
1725 1091 1904 1156 edita
1945 1096 2058 1156 est
2092 1112 2136 1156 a
2178 1092 2251 1158 J.
2282 1090 2362 1157 C.
2391 1091 2488 1156 V.
2507 1092 2816 1171 Meister,-

616 1196 720 1264 Μ.
751 1197 843 1263 D.
874 1216 1032 1263 cum
1066 1196 1544 1261 commentario
1582 1193 1676 1259 ad
1717 1193 2120 1259 medicinam
2147 1199 2218 1258 et
2239 1192 2680 1276 philologiam
2711 1204 2814 1262 at-

613 1300 887 1364 tinente.
976 1297 1139 1362 Hoc
1192 1316 1369 1382 opus
1396 1299 1565 1362 bene
1594 1296 1830 1366 auditt
1877 1296 1989 1361 cui
2014 1296 2122 1359 tit.
2207 1294 2295 1360 T.
2326 1292 2625 1360 Lucretii
2647 1290 2816 1361 Cari

616 1398 1215 1483 Schauergemaldc
1238 1398 1359 1464 der
1403 1397 1799 1485 Kriegspest
1825 1396 1893 1461 in
1921 1393 2178 1474 Attica,
2207 1394 2587 1462 Zullichav.
2617 1396 2813 1464 1816.

614 1500 771 1569 Svo.
801 1501 960 1586 maj.
1357 1506 1363 1515 ‘
2418 1494 2422 1501 ’
2453 1542 2458 1547 -

700 1602 785 1667 Τ.
814 1602 1107 1668 Lucretii
1135 1602 1316 1683 Cari,
1344 1603 1428 1669 de
1456 1603 1706 1669 Rerum
1738 1601 2024 1679 Natura,
2073 1599 2260 1664 Libri
2288 1618 2436 1677 sex,
2481 1619 2573 1665 ex
2619 1600 2820 1665 editi-2

616 1722 743 1771 one
770 1704 1063 1771 Gilberti
1090 1704 1491 1785 Wakefield,
1513 1704 1606 1770 A.
1632 1704 1718 1769 Β.
1763 1701 1983 1769 Lond.
2013 1701 2208 1769 1821.
2237 1701 2457 1766 lSmo.
2542 1701 2816 1768 Textus

614 1803 836 1871 nudus
866 1812 1181 1889 accurate
1203 1824 1518 1871 excusus.

703 1904 915 1973 Nulla
945 1905 1241 1973 Lucretii
1262 1907 1485 1972 versio
1529 1904 1915 1989 Hispaniae
1941 1904 2050 1969 vel
2077 1902 2474 1971 Lusitanica
2497 1908 2642 1968 est:
2691 1903 2818 1968 sed

616 2008 1027 2075 imitationes
1048 2005 1770 2085 multoesunt'vividae,
1825 2025 1869 2069 a
1914 2004 2144 2091 Lopez
2192 2004 2280 2069 de
2300 2004 2522 2087 Vega,
2575 2005 2820 2074 Garoi-

616 2110 813 2177 lasso
843 2110 931 2175 de
957 2110 1032 2177 la
1058 2110 1277 2194 Vega,
1311 2109 1579 2186 Ercilla,
1600 2113 1669 2173 et
1693 2106 2054 2183 Camoens,
2101 2107 2188 2170 de
2231 2106 2478 2190 quibus
2505 2108 2823 2172 consula-

617 2218 729 2279 tur
772 2211 1097 2295 Anglicus
1126 2212 1423 2279 Lucretii
1452 2212 1805 2295 interpres,
1853 2208 1924 2273 J.
1943 2206 2046 2273 Μ.
2075 2207 2300 2273 Good.
2387 2206 2822 2292 Hispanicus

618 2314 847 2388 etiam,
898 2312 1284 2392 Frachella,
1344 2312 1903 2381 commentarium
1957 2310 2420 2376 elucubratum
2467 2310 2541 2374 in
2592 2310 2821 2393 lingua

620 2412 998 2503 Castiliana
1047 2417 1421 2493 contexuit,
1470 2417 1542 2480 in
1568 2416 1708 2480 4to.
1739 2414 1852 2479 cui
1879 2413 1997 2477 'tit-
2081 2412 2476 2497 Spositione
2522 2411 2596 2477 di
2641 2416 2822 2477 tutta

614 2514 871 2599 l’opera
898 2516 969 2580 di
1000 2515 1337 2580 Lucretio.

692 2616 989 2699 Grayius
1016 2623 1246 2680 noster
1263 2615 1588 2698 Anglicus
1619 2614 1832 2699 poeta
1862 2615 2078 2699 pluris
2091 2614 2325 2679 habuit
2343 2598 2642 2681 carmina
2659 2634 2822 2699 quae

620 2720 775 2801 ipse
804 2716 1034 2783 Latine
1062 2717 1342 2800 scripsit
1366 2734 1573 2799 quam
1590 2735 1756 2799 „quae
1783 2715 2058 2799 scripsit
2104 2714 2411 2798 Anglice,
2437 2718 2824 2801 multusque

616 2820 746 2885 fuit
771 2821 843 2884 in
872 2818 1396 2883 Imitationibus.
1445 2817 1630 2882 Inter
1655 2816 2174 2881 commentarios
2197 2817 2280 2880 de
2306 2816 2475 2882 Vita
2501 2825 2568 2881 et
2595 2820 2826 2903 Scrip-

620 2924 711 2989 tis
730 2920 882 3005 ejus
911 2940 956 2985 a
980 2920 1317 2987 Gulielmo
1340 2919 1616 2999 Mason,
1640 2919 1726 2984 A.
1753 2918 1856 2987 Μ.
1888 2918 2147 3003 publici
2163 2922 2168 2925 ’
2168 2918 2338 3003 juris
2365 2917 2614 2999 factos,
2639 2921 2825 2987 inve-

621 3022 864 3087 nienda
894 3028 1055 3086 sunt
1094 3020 1559 3104 Philosophici
1588 3021 1785 3085 simtu
1813 3026 1884 3086 et
1909 3021 2236 3103 elegantis
2263 3017 2606 3105 poematis
2639 3022 2822 3106 frag-

620 3130 863 3201 menta,
919 3123 1025 3187 De
1058 3122 1421 3207 Principiis
1452 3122 1856 3205 Cogitandiz
1902 3128 1969 3188 et
2017 3123 2092 3187 in
2139 3124 2445 3189 versibus
2474 3125 2621 3188 suis
2647 3128 2822 3208 poli·

622 3227 815 3299 endis
844 3245 981 3303 non
1008 3224 1181 3290 adeo
1212 3226 1515 3311 sequitur
1532 3224 1870 3309 Anglicus
1899 3224 2125 3290 Poeta
2144 3224 2540 3307 Virgilium,
2577 3231 2655 3291 ut
2685 3246 2822 3293 non

622 3329 828 3396 simul
898 3328 1281 3393 Lucretium
1349 3328 1656 3393 imitetur.
1760 3328 2122 3407 Praeterea,
2193 3328 2406 3393 forma
2479 3326 2822 3410 poematis

618 3430 713 3516 (si
758 3428 965 3495 modo
992 3429 1099 3493 vir
1140 3429 1343 3493 nimis
1386 3428 1553 3493 levis
1611 3434 1678 3493 et
1730 3428 2124 3495 fastidiosus
2168 3428 2256 3495 ad
2304 3426 2710 3495 umbilicum·
2751 3430 2824 3497 id

620 3526 1081 3615 perduxisset)
1120 3533 1189 3593 et
1226 3529 1431 3593 multa
1478 3530 1816 3595 vocabula
1858 3537 2018 3595 sunt
2064 3528 2232 3614 pure
2283 3528 2715 3595 Lucretiam:
2759 3537 2826 3597 et

622 3636 699 3697 ut
756 3630 1108 3694 Lucretius
1165 3628 1646 3712 philosophum
1709 3649 1908 3695 suum
1961 3638 2030 3697 et
2089 3633 2358 3709 ducem,
2427 3632 2512 3695 de
2566 3631 2822 3697 Rerum

626 3730 897 3797 Natura
952 3749 1226 3806 canens,
1298 3730 1433 3794 sibi
1486 3734 1848 3814 proposuit
1913 3733 2300 3818 Epicurum,
2362 3733 2547 3798 haud
2621 3732 2825 3799 aliter

624 3832 941 3918 Grayius,
996 3830 1082 3895 de
1140 3830 1505 3917 Principiis
1561 3831 1920 3916 cogitandi
1987 3854 2246 3900 carmen
2303 3835 2822 3917 compositurus„

623 3936 925 4021 sequitur
952 3951 1262 4017 magnum
1279 3931 1603 3999 Veritatis
1631 3934 2074 4014 sacerdotem,
2103 3937 2436 4002 Ioannem
2467 3934 2821 4005 Lockium.
