3200 4959
597 422 769 491 1402

599 581 757 644 longo
772 586 828 629 et
853 592 1008 643 porro
1031 583 1180 628 tenus
1203 579 1375 641 missa,
1389 580 1472 629 vel
1493 594 1524 628 e
1543 580 1657 629 lon·

603 656 792 721 ginquo
814 656 932 703 loco
964 654 1147 703 odores
1181 656 1426 705 sentiens.
1475 655 1550 705 At
1571 670 1657 704 ve·

597 739 808 783 astures
829 732 1014 781 melius
1047 746 1194 796 quam
1223 734 1553 795 grammatici
1579 735 1657 783 in·

598 809 864 873 telligunt,
885 822 978 857 cur
999 810 1144 859 canis
1165 812 1388 861 venatici
1418 812 1493 860 vis
1515 812 1656 862 dica-

599 892 687 933 tur
741 884 994 947 promissa.
1057 882 1163 932 Alii
1215 887 1444 949 permissu
1481 894 1539 936 ut
1577 902 1656 937 vs.

596 964 712 1009 692.
741 960 758 987 ‘
778 959 1061 1009 Permitti.'
1131 962 1328 1011 Creech.
1399 964 1657 1026 Permissa,

597 1041 680 1085 est
697 1033 948 1099 ἀΐσσουσα,
965 1038 1176 1099 συνεῖσα,
1197 1038 1435 1099 incitata,
1469 1040 1657 1090 laxatis

595 1109 814 1159 habenis
837 1112 960 1162 istu.
999 1112 1241 1161 Sisenna:
1275 1112 1292 1139 ‘
1317 1113 1446 1163 Inde
1468 1130 1657 1179 equum

596 1186 914 1235 concitatum
981 1186 1048 1235 sd
1117 1187 1340 1236 hostium
1399 1190 1660 1251 permittit

598 1261 799 1318 aciem!
864 1261 1062 1311 Auctor
1082 1262 1172 1312 lib.
1196 1266 1245 1312 8.
1269 1262 1334 1312 de
1355 1266 1494 1314 Beli.
1517 1267 1655 1316 Gall.

595 1337 612 1363 ⁸
635 1350 773 1401 equo
793 1350 850 1387 se
873 1352 904 1385 a
924 1337 1127 1387 ceteris
1157 1337 1413 1389 incautius
1445 1343 1659 1404 permit·

599 1410 670 1463 tit
714 1411 766 1461 in
811 1410 1158 1474 praefectum.’
1219 1414 1308 1464 Sic
1362 1416 1568 1465 Luci-et.
1610 1422 1660 1467 4.

597 1490 714 1537 685.
736 1489 751 1514 ‘
774 1494 882 1537 tum
915 1486 1040 1536 fissa
1070 1486 1297 1537 ferarum
1329 1490 1537 1553 Ungula
1558 1504 1659 1555 qua

601 1562 782 1615 tulerit
816 1577 1062 1626 gressum,
1091 1564 1342 1626 permissa
1373 1578 1558 1613 canum
1581 1566 1659 1615 vis

599 1634 803 1687 Ducit.'
835 1638 871 1686 i.
911 1652 960 1687 e.
990 1644 1285 1700 penetrans,
1305 1640 1458 1703 longe
1487 1642 1658 1691 missa.

601 1714 678 1763 Ut
697 1728 850 1763 mox:
888 1717 904 1742 ‘
927 1714 1032 1763 Hic
1065 1714 1192 1763 odor
1219 1714 1331 1779 ipse
1359 1718 1536 1781 igitur,
1567 1733 1657 1767 na·

599 1802 684 1839 res
725 1790 1040 1853 quicumque
1073 1790 1302 1853 lacessit,
1321 1793 1434 1855 Est,
1466 1794 1566 1843 alio
1597 1800 1659 1843 ut

600 1865 764 1929 possit
805 1866 1038 1928 permitti
1075 1866 1278 1930 longius
1319 1868 1489 1917 alter-3
1553 1870 1659 1919 Hic

595 1947 882 2003 ceperunt:
935 1941 1043 1991 illic
1079 1947 1298 1993 mutant.
1382 1944 1658 1993 Lambinus

597 2016 820 2079 primum
853 2018 1116 2081 premissa.
1180 2017 1414 2069 Gifsnius
1453 2028 1657 2083 postea-

599 2105 704 2155 que
723 2099 779 2141 et
798 2094 1090 2155 Lambinus,
1103 2096 1360 2157 monuisse.-
1384 2094 1520 2161 quod
1533 2110 1657 2147 sane

597 2172 654 2216 et
675 2167 864 2229 ipsein
887 2170 992 2218 Ms.
1024 2170 1229 2220 inveni:
1265 2186 1361 2221 nec
1397 2178 1566 2222 tamen
1591 2186 1655 2222 eo

594 2256 828 2294 moveor.
897 2245 1109 2296 Gronov.

660 2322 758 2369 68⁷
798 2319 1154 2371 Romulidarum
1183 2323 1324 2385 arcis,
1344 2323 1450 2387 4000]
1481 2322 1655 2375 Anser

599 2394 692 2457 qui
710 2394 1052 2445 Romanorum
1067 2412 1260 2461 arcem,
1277 2399 1376 2448 hoc
1391 2409 1492 2461 est,
1503 2402 1656 2465 Capi·

598 2469 784 2519 tellum
805 2473 1050 2534 servavit,
1063 2473 1288 2523 detrusis
1311 2490 1342 2523 a
1363 2476 1562 2527 Manlio
1585 2477 1653 2527 ob

596 2544 694 2593 hoc
720 2544 970 2596 indicium
1003 2548 1170 2597 Gallis
1190 2550 1278 2615 qui
1309 2552 1419 2602 arci
1449 2568 1654 2604 succes-

595 2629 789 2672 serant.
851 2636 1004 2687 quam
1047 2639 1255 2675 causam
1306 2642 1444 2691 reor,
1487 2636 1546 2678 ut
1585 2630 1653 2680 ad

597 2703 846 2747 aeternam
886 2700 964 2748 rei
993 2702 1289 2753 memoriam
1326 2704 1380 2753 in
1420 2706 1653 2767 pluribus

593 2772 760 2823 ltalia
795 2774 1096 2827 civitatibus
1129 2778 1180 2827 iu
1203 2780 1469 2832 acumine
1491 2783 1655 2833 trabis

597 2857 846 2915 tanquam
889 2854 1024 2903 areis
1063 2856 1347 2908 collocetur
1387 2870 1556 2921 anser,
1593 2865 1653 2907 et

595 2929 748 2991 pueri
763 2929 884 2978 illuc
903 2932 1205 2993 ascendant,
1219 2938 1464 2996 tanquam
1483 2933 1534 2982 in
1550 2936 1651 2984 Ro-

592 3020 798 3057 manum
841 3007 1146 3070 praesidium
1187 3008 1344 3059 Galli.
1408 3010 1649 3073 Legimus

595 3084 650 3134 iu
671 3084 970 3133 memoriam
1001 3084 1148 3149 hujus
1171 3087 1249 3135 rei
1284 3086 1540 3137 Romanos
1559 3102 1651 3137 an-

593 3174 764 3211 serem
807 3162 1138 3212 consuevisse
1172 3162 1222 3210 in
1264 3162 1526 3226 Capitolio
1558 3164 1651 3213 ali·

593 3237 780 3287 mentis
816 3237 1094 3301 publicitus
1133 3236 1375 3287 exhibitis
1413 3239 1647 3289 mitrii-e:

592 3328 758 3378 eoque
777 3314 881 3377 die,
901 3328 1000 3378 qua
1021 3314 1218 3364 detrusi
1240 3324 1363 3364 sunt
1379 3316 1540 3379 Galli,
1561 3330 1649 3365 ca-

590 3402 686 3437 nes
719 3388 772 3437 in
803 3402 958 3438 cruce
993 3388 1271 3439 sambucea
1307 3391 1649 3442 necabantur.

589 3464 732 3527 Lego
767 3462 904 3527 apud
942 3463 1194 3525 Servium,
1217 3465 1272 3514 in
1305 3467 1568 3529 Capitolio
1594 3469 1647 3517 in

590 3539 832 3589 honorem
863 3540 996 3589 illins
1029 3541 1346 3604 auseris,qui
1383 3542 1649 3592 Gallorum

589 3616 859 3666 nuntiarat
895 3614 1196 3677 adventum,
1228 3616 1452 3679 positum
1487 3614 1649 3667 fuisse

589 3705 824 3741 anserem
857 3698 1193 3755 argenteum:
1241 3691 1378 3741 uude
1413 3693 1647 3741 nonnulli

590 3765 798 3831 poetam
837 3780 953 3816 eum
990 3766 1110 3816 huic
1147 3767 1378 3817 allusisse
1419 3768 1647 3818 historin

595 3842 889 3905 perhibent,
919 3843 1007 3907 qui
1044 3857 1275 3892 anserem
1306 3844 1512 3893 vocavit
1533 3844 1646 3893 ‘ar-

593 3924 838 3980 genteum
853 3917 889 3966 ε’
920 3932 1018 3967 nec
1033 3933 1129 3981 per
1149 3924 1164 3947 ‘
1183 3918 1456 3968 candidum
1473 3918 1487 3940 '
1505 3918 1647 3969 aliud

591 4006 890 4057 expressum
936 4008 968 4043 a
1006 3994 1252 4043 Lucretio
1290 3992 1450 4044 fuisse
1492 4009 1646 4060 quam

589 4068 727 4119 bunc
741 4076 1048 4133 argenteum
1063 4084 1324 4119 anserem:
1360 4070 1450 4135 qui
1471 4086 1646 4134 quam-

591 4142 670 4193 'vis
701 4144 767 4192 de
799 4144 918 4193 vivo
956 4146 1195 4209 loquatur
1223 4144 1327 4207 hic,
1363 4152 1532 4195 tamen
1567 4146 1646 4195 in·

589 4219 702 4270 unit
733 4220 1018 4271 historiam.
1052 4221 1166 4271 haec
1199 4221 1267 4275 ud
1301 4222 1508 4285 ingenia
1526 4238 1645 4287 pro-

593 4296 820 4346 vocanda
843 4295 988 4346 dicta
1007 4296 1126 4346 sint.
1165 4296 1417 4361 Aureum,
1439 4312 1542 4349 non
1563 4314 1645 4349 ar-

591 4378 854 4437 genteum,
881 4372 933 4422 in
957 4372 1080 4436 -ejus
1116 4374 1200 4423 rei·
1225 4375 1520 4425 memoriam
1555 4376 1644 4425 diu

1295 434 1514 487 No'rAE.
1561 435 1901 487 vitumno
1916 434 1969 485 Μ
2024 436 2103 485 ΙΝ

1732 581 1875 629 cultu
1895 578 2075 628 divino
2097 582 2379 643 exceptum
2409 577 2588 643 prodit
2612 576 2793 629 Athen·-

1732 662 1816 703 tus
1838 655 1971 703 libro
1994 654 2061 703 de
2083 654 2383 703 animalibus
2408 654 2655 717 vigesimo
2686 661 2793 704 ter·

1734 730 1825 780 tio.
1858 730 1951 779 sed
1973 729 2211 779 mendum
2234 728 2285 777 in
2298 729 2477 779 codice
2494 737 2637 793 puto.
2672 732 2794 781 Non

1731 806 1869 854 enim
1906 818 2081 855 aureas
2122 803 2216 853 sed
2254 810 2505 865 argenteus
2549 806 2796 867 legerem.

1731 880 2065 945 Adjuvatque
2086 881 2138 929 iu
2162 878 2342 929 eodem
2376 881 2551 945 capite
2586 882 2794 931 teterri-

1728 970 1864 1006 mam
1880 958 2129 1006 maculam
2146 972 2263 1022 quie
2287 956 2363 1005 ibi
2384 957 2601 1023 inolevit
2622 972 2794 1006 emen-

1731 1032 1875 1081 dare.
1936 1036 1951 1061 ‘
1996 1034 2074 1081 Ex
2122 1030 2336 1081 ansere'
2378 1030 2599 1096 (inquit)
2642 1031 2795 1081 ‘fieri

1732 1107 2067 1157 clarissimum
2100 1106 2438 1167 medicamen,
2460 1107 2597 1171 quod
2631 1108 2795 1157 Plini·

1730 1198 1793 1232 us
1830 1196 2073 1247 comager
2115 1181 2320 1246 inquit.’
2350 1182 2679 1232 scribendum
2710 1191 2796 1233 est

1730 1274 2033 1320 comagenam
2051 1272 2081 1307 a
2100 1259 2219 1308 loco
2249 1257 2471 1310 Judaeae.
2540 1258 2792 1309 Historias

1730 1336 2041 1398 Propertius
2072 1334 2246 1383 allusit
2272 1346 2388 1383 cum
2412 1332 2635 1383 cecinit:
2672 1337 2723 1381 8.
2742 1338 2793 1383 2.

1733 1418 1813 1463 12.
1850 1415 1867 1441 ‘
1892 1411 2109 1462 Anseris
2152 1418 2207 1461 et
2242 1418 2413 1460 tutum
2456 1424 2584 1460 voce
2626 1408 2793 1460 fuisse

1728 1487 1953 1540 Jovem!
2018 1488 2160 1537 Pius.
2192 1487 2238 1537 1.
2262 1500 2310 1537 e.
2332 1486 2677 1536 Romanorum
2716 1501 2801 1536 ar·-

1730 1563 1822 1627 cis,
1838 1566 1938 1613 διο.
1960 1570 2081 1613 nota
2098 1563 2312 1612 historia
2332 1570 2433 1625 est,
2450 1563 2791 1627 Capitolium,

1732 1640 1861 1688 urbe
1899 1650 1929 1687 a
1966 1638 2131 1687 Gallis
2168 1645 2349 1703 capta,
2386 1644 2645 1688 servatum
2682 1652 2793 1687 esse

1730 1726 1967 1762 anserum
1993 1728 2139 1763 voce.
2176 1713 2314 1762 Plin.
2338 1718 2419 1764 19.
2454 1717 2471 1742 ‘
2496 1716 2590 1763 Est
2610 1720 2669 1764 et
2702 1729 2791 1764 an-

1732 1788 1836 1837 seri
1868 1788 1992 1851 vigil
2012 1802 2157 1848 cura,
2188 1789 2446 1853 Capitolio
2478 1796 2673 1839 testata
2700 1790 2793 1839 de-

1730 1862 1896 1925 fenso,
1918 1878 2013 1926 per
2050 1863 2103 1913 id
2136 1866 2384 1929 temporis
2418 1880 2601 1915 canum
2636 1868 2791 1917 silen-

1734 1940 1807 1991 tio
1841 1939 2059 2004 proditis
2100 1940 2275 1993 rebus.
2338 1942 2687 1994 Quamobrem
2722 1945 2793 1992 ci-

1729 2019 1876 2069 baria
1897 2032 2133 2068 anserum
2158 2019 2411 2069 Censores
2446 2020 2499 2067 in
2521 2020 2698 2083 primis
2722 2020 2793 2069 lo-

1730 2094 1890 2220 'elsutl
1954 2094 2031 2144 Μ.
2062 2096 2197 2145 Tull.
2226 2110 2325 2158 pro
2362 2096 2552 2145 Roscio
2592 2095 2793 2145 Ameri-

1866 2170 1885 2199 ‘
1908 2169 2195 2219 Anseribus
2234 2170 2437 2219 cibaria
2472 2170 2681 2234 publice
2719 2172 2792 2219 lo-

1729 2248 1949 2298 cantur?
2015 2248 2129 2297 Liv.
2160 2249 2251 2298 lib.
2290 2255 2340 2299 6.
2381 2248 2569 2299 Annei.
2614 2249 2631 2277 ‘
2652 2248 2791 2299 Galli

1727 2333 1881 2375 nocte
1901 2324 2145 2375 sublustri
2169 2330 2315 2375 tanto
2338 2324 2545 2374 silentio
2569 2324 2621 2373 lu
2656 2338 2791 2374 snm·

1728 2416 1864 2449 mnm
1886 2415 2115 2467 evasere,
2134 2408 2195 2451 ut
2220 2412 2317 2449 non
2344 2400 2589 2449 custodes
2624 2400 2789 2449 solum

1728 2476 1989 2538 fallerent,
2014 2476 2107 2525 sed
2130 2490 2199 2525 ne
2218 2488 2374 2526 canes
2408 2475 2637 2540 quidem,
2654 2476 2792 2525 solli·

1729 2555 1889 2605 citum
1913 2554 2119 2616 animal,
2140 2552 2205 2601 ad
2228 2559 2512 2603 nocturnos
2544 2552 2791 2615 strepitus

1729 2630 2055 2679 excitarent:
2114 2643 2321 2679 anseres
2368 2642 2471 2678 non
2514 2626 2790 2689 fefellere‚'

1728 2710 1830 2757 ὅτε.
1896 2706 2068 2757 Lamb.

1792 2782 1977 2845 Anser]
2012 2782 2157 2832 Nota
2193 2780 2408 2831 historia
2445 2788 2547 2842 est,
2578 2779 2789 2844 Capito·

1728 2858 1850 2908 lium
1887 2857 1953 2907 ab
2005 2856 2273 2907 anseribus
2322 2864 2588 2907 servatum
2623 2856 2790 2955 Gallis

1728 2931 2185 2983 adscendentibus.
2222 2932 2399 2981 Faber.
2452 2946 2455 2953 ·

1790 3012 1884 3056 691
1914 3006 2284 3068 Hiram-ipse,
2318 3005 2429 3070 qm]
2464 3007 2581 3055 Vss.
2617 3004 2691 3055 19.
2716 3004 2787 3055 de

1726 3088 1871 3132 motu
1896 3080 2069 3131 odoris
2093 3082 2317 3143 disserit,
2338 3097 2557 3147 eumque
2589 3082 2789 3131 tardius

1727 3158 1921 3207 moveri
1946 3171 2041 3220 per
2062 3156 2235 3207 aerem
2257 3172 2413 3222 quam
2448 3172 2651 3219 sonum,
2684 3157 2787 3207 dis-

1728 3233 1865 3283 trahi
1900 3246 2104 3298 quoque
2138 3238 2195 3282 et
2228 3232 2465 3295 dissipari
2498 3232 2698 3283 facilius
2728 3240 2789 3283 et

1725 3310 1879 3373 longe
1900 3310 2067 3359 minus
2090 3322 2187 3373 per
2216 3308 2389 3358 aerem
2414 3306 2636 3358 diffundi
2656 3308 2792 3359 affir-

1725 3393 1860 3434 mate
1911 3385 2149 3448 quon-iam
2190 3398 2257 3433 ex
2300 3383 2495 3432 intimis
2552 3383 2787 3448 corporis

1725 3460 1872 3511 odori
1899 3460 2155 3525 partibus,
2192 3474 2284 3509 seu
2314 3458 2539 3522 subjecti
2574 3458 2787 3523 profun-

1726 3535 1895 3587 ditate
1934 3534 2122 3597 effiuit,
2159 3536 2299 3597 (nam
2340 3549 2419 3583 res
2450 3534 2627 3585 odorae
2662 3536 2783 3585 dum

1724 3610 2050 3676 franguntur,
2093 3617 2452 3673 conteruntur,
2480 3614 2586 3661 ὅτε.
2622 3612 2785 3675 magis

1724 3685 1985 3751 redolent)
2023 3687 2189 3748 major
2224 3686 2382 3735 etism
2404 3693 2483 3734 est
2505 3686 2789 3749 principio·

1723 3776 1835 3812 rum
1858 3762 1995 3812 illius
2006 3762 2185 3823 moles,
2205 3762 2327 3810 dnm
2344 3762 2417 3813 illi
2439 3770 2640 3812 meatus
2658 3776 2788 3828 quos

1721 3852 1824 3894 vox
1859 3846 2103 3903 penetrat
2126 3839 2336 3889 odorem
2358 3853 2462 3888 non
2481 3838 2787 3901 admittunt,

1721 3915 1939 3981 ideoque
1977 3928 2191 3965 neccsse
2223 3921 2307 3964 est
2346 3922 2406 3964 ut
2430 3914 2559 3964 odor
2582 3914 2781 3965 tardius

1720 3994 1941 4055 feratur,
1996 4001 2051 4043 et
2094 3992 2301 4042 facilius
2350 3992 2419 4041 ab
2472 4000 2801 4043 occursante.

1720 4071 1843 4123 aiii-e
1874 4072 2175 4135 dissipetur.
2240 4070 2361 4119 Huc
2400 4071 2559 4121 etiam
2594 4069 2781 4121 referri

1720 4153 1895 4214 potest
1928 4163 2102 4211 causa,
2136 4162 2249 4211 cur,
2293 4162 2409 4197 cum
2444 4146 2607 4197 facile
2633 4147 2776 4213 judi-

1718 4240 1840 4278 care
1862 4226 2023 4275 liceat
2054 4238 2157 4290 qua
2185 4239 2249 4273 ex
2270 4229 2421 4290 parte
2446 4238 2602 4273 sonus
2622 4222 2779 4273 sdve-

1718 4303 1849 4364 niat,
1866 4316 1965 4351 non
1982 4300 2199 4366 perinde
2210 4308 2395 4350 tamen
2414 4301 2777 4364 dignoscamus

1724 4378 1793 4427 ad
1829 4392 1979 4443 quem
2007 4376 2154 4427 uobis
2176 4384 2377 4442 partem
2400 4377 2468 4427 sit
2488 4378 2644 4428 situm
2664 4388 2779 4429 eor-
