3200 4959
593 409 765 476 1480
857 449 870 461 -

591 581 699 618 ram
733 567 840 616 sive
878 567 1168 629 Thaletem,
1202 572 1261 614 ut
1296 566 1407 616 vult
1442 564 1656 615 Firmia-

594 659 707 694 nus.
741 643 910 694 Lamb-

594 745 605 752 ·
664 720 871 767 Numero
897 719 1077 767 Divum
1098 716 1372 782 dignarier]
1404 716 1655 766 Profecto

594 794 816 844 decebit.
881 795 1017 844 Nam
1038 809 1156 844 eum
1174 793 1330 842 animi
1352 795 1487 842 ratio
1511 792 1656 841 uobis

595 873 665 922 sit
688 887 805 921 cum
821 871 933 920 Diis
956 872 1256 935 communis,
1271 870 1500 934 corporis
1518 869 1654 918 vires

593 961 716 997 vero
758 963 875 998 cum
916 947 1113 1011 bestiis,
1153 947 1194 995 is
1232 947 1319 1011 qui
1366 945 1559 994 viribus
1598 950 1655 994 et

593 1025 821 1087 lacertis,
856 1031 914 1074 et
950 1024 1102 1073 armis
1146 1023 1321 1072 urbeis
1364 1028 1652 1085 expugnat,

593 1109 649 1148 et
672 1113 755 1148 res
787 1113 999 1163 magnas
1032 1099 1187 1160 gerit,
1222 1113 1403 1162 parum
1426 1095 1606 1146 differt
1625 1111 1658 1146 a

594 1175 787 1225 bellua.
856 1174 959 1226 Qui
1004 1189 1131 1224 vero
1174 1175 1397 1238 ratione,
1436 1180 1491 1223 et
1530 1188 1654 1224 con-

593 1251 737 1313 silio,-
766 1257 821 1300 et
859 1252 1091 1302 oratione
1136 1265 1305 1299 rerum
1348 1251 1561 1315 potitur,
1603 1255 1658 1300 et

594 1342 676 1377 res
713 1342 927 1390 magnas
966 1326 1312 1388 administrat,
1347 1328 1393 1375 is
1432 1327 1657 1377 hominis

590 1405 804 1468 proprio
827 1418 1040 1454 munere
1062 1403 1307 1466 fungitur.
1349 1405 1527 1455 Quare
1550 1405 1656 1452 lau·

591 1480 750 1529 dandi
796 1487 917 1529 sunt
966 1479 1369 1541 anedaemonii‚
1406 1480 1495 1544 qui
1538 1493 1654 1528 cum

588 1555 777 1619 alioqui
812 1561 990 1604 essent
1028 1555 1279 1604 militares
1306 1563 1363 1603 et
1398 1554 1656 1618 bellicosi,

591 1629 893 1694 legibusque
937 1630 1049 1679 fere
1090 1632 1326 1681 omnibus
1384 1637 1656 1681 uterentur

594 1705 661 1754 ad
685 1719 793 1754 rem
828 1706 1101 1756 militarem
1126 1709 1457 1771 comparatis,
1478 1715 1654 1757 tamen

593 1781 663 1843 ei,
678 1782 765 1846 qui
784 1795 891 1831 rem
908 1783 1133 1847 aliquam
1151 1785 1457 1847 praeclsram
1475 1794 1529 1835 et
1547 1787 1653 1834 lau-

592 1856 820 1907 dabilem
859 1859 1073 1908 consilio
1106 1867 1161 1908 et
1200 1861 1403 1910 ratione
1440 1861 1654 1910 admini-

589 1939 809 1984 strasset
831 1949 893 1984 sc
916 1936 1248 2000 perfecisset,
1278 1939 1523 2001 majorem
1542 1941 1654 1988 lau-

592 2011 729 2072 dem,
763 2027 915 2076 qnam
948 2014 1018 2076 ei,
1048 2015 1136 2078 qui
1164 2013 1357 2064 viribus
1390 2022 1447 2064 et
1480 2017 1656 2080 armis,

588 2089 912 2140 tribuebant.
993 2092 1179 2155 Itaque
1225 2106 1283 2140 re
1328 2093 1461 2141 bene
1506 2100 1657 2156 gesta

589 2166 677 2215 hic
721 2167 934 2230 gallum,
975 2168 1063 2216 ille
1107 2169 1289 2218 bovem
1336 2169 1654 2220 immolabat.

592 2242 746 2290 testis
769 2243 1080 2292 Plutarchus
1106 2244 1157 2292 in
1178 2244 1451 2293 Marcello.
1489 2244 1654 2296 Lamb.

592 2333 599 2346 ·
656 2321 721 2364 54
754 2318 1105 2368 Immortalibus
1146 2321 1205 2368 de
1238 2320 1424 2382 Divis]-
1442 2321 1531 2370 Sic
1575 2335 1656 2371 re-

591 2392 761 2456 stitui,
808 2408 955 2443 usum
994 2402 1049 2444 et
1093 2397 1517 2445 consuetudinem
1555 2399 1656 2447 La-

589 2470 686 2519 tini
720 2473 971 2522 sermonis
1006 2480 1235 2522 secutus.
1302 2475 1437 2523 Nam
1472 2475 1545 2524 sic
1579 2477 1653 2524 lo-

591 2545 821 2610 quuntur
857 2548 1068 2597 Latini:
1106 2551 1120 2578 ‘
1145 2563 1312 2598 sermo
1347 2550 1412 2598 de
1450 2552 1597 2600 Divis
1619 2552 1653 2600 :'

585 2620 601 2648 ‘
621 2620 803 2682 dicta,’
823 2635 915 2670 seu
937 2626 952 2650 ⁶
981 2623 1139 2672 verbs
1164 2624 1231 2674 de
1257 2625 1441 2675 Divis!
1484 2627 1652 2676 Lumb.

587 2697 667 2746 De
689 2698 851 2761 Divis,
865 2699 1052 2748 librum
1070 2701 1283 2764 Epicuri
1294 2701 1398 2766 περὶ
1410 2701 1655 2763 ’ὁσιότητος

590 2773 853 2839 intelligit.
894 2776 1067 2826 Faber.

654 2855 717 2899 55
754 2852 974 2901 Pondere
1006 2853 1172 2916 dictis]
1219 2855 1305 2903 Sic
1345 2860 1391 2904 1.
1436 2861 1520 2905 55.
1561 2856 1654 2906 ‘et

586 2939 759 2974 rerum
779 2933 1014 2977 usturam
1033 2929 1262 2992 pandere
1277 2931 1465 2979 dictis.'
1486 2932 1656 2983 Lumb.

655 3005 720 3050 56
770 3003 952 3058 Quoius
1001 3020 1087 3067 ego
1141 3006 1381 3066 ingressus
1432 3009 1657 3072 vestigia,

588 3093 713 3128 nunc
743 3081 975 3144 rationes]
1011 3082 1152 3131 Olim
1193 3082 1243 3130 in
1290 3081 1458 3146 prima
1500 3085 1650 3133 editi·

588 3170 705 3219 one,
740 3171 857 3206 cum
900 3159 1211 3221 scripturam
1259 3167 1541 3223 receptam,
1574 3167 1652 3223 et,

588 3247 705 3296 quae
739 3234 795 3282 in
829 3235 1064 3284 omuibus
1101 3234 1214 3284 fere
1256 3236 1401 3284 libris
1428 3236 1652 3298 vulgatis

585 3309 865 3370 reperitur,
890 3311 1037 3370 Cujus
1056 3326 1141 3373 ego
1172 3312 1417 3374 ingressus
1448 3312 1653 3373 vestigia

587 3385 699 3431 dum
709 3385 928 3432 sationes
941 3386 1222 3450 Persequor,
1236 3395 1444 3436 secutus
1468 3403 1652 3447 essem,

587 3459 917 3522 scripseram,
938 3461 1071 3510 bunc
1090 3476 1292 3512 versum
1314 3463 1578 3524 pertinere
1596 3470 1652 3513 et

585 3535 914 3586 referendum
932 3553 1046 3587 esse
1061 3538 1127 3586 ad
1145 3553 1347 3587 versum
1364 3540 1549 3590 abhinc
1565 3541 1653 3590 de-

586 3612 793 3674 cimum,
826 3613 973 3674 cujus
998 3615 1311 3677 principium
1340 3625 1438 3678 est,
1458 3619 1473 3644 ⁶
1493 3616 1649 3667 Quod

584 3695 844 3750 superest,
882 3702 1019 3738 nunc
1062 3691 1160 3740 buc
1203 3691 1419 3740 rationis
1459 3692 1650 3743 detulit

587 3762 751 3825 ordo‚'
766 3771 823 3812 et
843 3778 955 3814 esse
976 3765 1289 3816 ἀνακόλουθον
1304 3775 1523 3832 propter
1545 3770 1649 3819 lon·

587 3853 709 3901 gum
764 3839 1107 3903 hyperbaton.
1174 3843 1263 3893 Sic
1308 3845 1443 3892 enim
1484 3845 1648 3894 videri

586 3915 883 3964 Lucretium
920 3917 1060 3982 loqui
1096 3918 1367 3969 debuisset
1406 3921 1556 3981 C'njus
1575 3937 1649 3972 me

584 3990 845 4051 ingressum
866 3994 1071 4054 vestigia
1103 3996 1213 4042 dum
1244 3997 1451 4045 rationes
1474 3997 1646 4047 Perse-

583 4081 720 4129 quor,
745 4071 826 4132 ᾄτ.
864 4070 999 4125 Quod
1032 4076 1262 4134 superest,
1294 4087 1417 4120 nnnc
1446 4074 1538 4123 huc
1568 4091 1646 4125 ra·

582 4143 701 4192 tion.
746 4145 894 4192 detul-
944 4149 1076 4207 ordo,
1120 4150 1199 4210 ξε.
1266 4147 1478 4212 Alioqui
1522 4167 1645 4215 quo·

582 4218 737 4268 modo
760 4218 905 4281 illud,
932 4221 1079 4280 Ctu‘us
1111 4237 1197 4284 ego
1232 4225 1474 4286 ingressus
1504 4231 1646 4277 resei-

576 4296 687 4360 gt'a,
722 4301 845 4360 apte
892 4296 1155 4348 cohaerere
1194 4302 1363 4364 possit
1401 4317 1516 4352 cum
1554 4305 1650 4367 bis,

1281 423 1499 474 No‘rAE
1546 419 1948 470 VARmRUM
2003 420 2080 468 IN

1734 564 1749 590 ¹
1776 563 1928 614 Quod
1967 564 2203 623 superest
2235 573 2374 610 nunc
2406 559 2541 623 liuc‚’
2563 563 2661 610 stc.
2696 574 2798 610 non

1730 637 1886 688 facile
1909 638 2146 702 expediri
2167 651 2340 700 posse.
2395 638 2584 702 Itaque
2605 640 2684 688 sic
2705 653 2798 700 pu·

1733 721 1962 764 tavei-am
2009 729 2119 764 esse
2174 715 2523 775 scribendum,
2569 723 2625 764 et
2674 729 2798 764 vero

1731 793 1807 840 sic
1840 807 1875 840 a
1907 792 2156 840 Luci-etio
2193 805 2304 840 esse
2341 791 2612 854 scriptum,
2651 790 2800 850 cnjus

1731 882 1804 918 me
1822 869 2084 929 ingressum
2107 869 2327 928 vestigia.
2383 867 2513 916 Post
2534 881 2614 928 ee,
2641 880 2696 914 re
2719 873 2800 916 at·

1733 945 1928 993 tentius
1952 943 2302 1005 considerata,
2325 949 2380 992 et
2396 944 2539 992 libris
2561 943 2796 992 omnibus

1730 1018 1797 1070 de
1841 1022 2046 1083 integro
2101 1019 2370 1081 consultis,
2423 1032 2539 1067 cum
2585 1019 2642 1066 in
2695 1031 2796 1066 uuo

1733 1103 1891 1160 atque
1928 1097 2094 1154 altero
2128 1097 2215 1148 lib.
2253 1109 2509 1145 manuscr.
2542 1101 2596 1143 et
2631 1095 2684 1143 in
2707 1095 2797 1143 nli-

1732 1181 1862 1237 quot
1897 1173 2122 1236 vulgntis
2166 1173 2242 1222 ita
2285 1171 2616 1234 reperissem,
2652 1169 2797 1230 cnjus

1730 1265 1817 1312 ego
1869 1249 2108 1311 ingressus
2161 1248 2383 1310 vestigia,
2423 1261 2546 1296 nunc
2587 1246 2798 1295 rationes

1732 1327 2016 1390 Persequor,
2036 1326 2168 1376 hauc
2183 1339 2298 1374 esse
2321 1338 2496 1374 veram
2519 1331 2576 1372 et
2599 1329 2798 1372 rectam

1733 1403 2046 1466 scripturam
2094 1400 2348 1465 Judicavi‚
2403 1414 2505 1464 qua
2557 1399 2799 1462 probata,

1731 1479 1856 1528 nihil
1869 1479 1978 1542 jam
2003 1478 2103 1528 erit
2125 1474 2455 1537 ἀνακόλουθον,
2487 1475 2682 1524 nullum
2705 1475 2796 1537 by-

1733 1554 2006 1617 perbnton.
2041 1554 2298 1617 Sequetur
2317 1550 2452 1600 enim
2475 1551 2658 1600 decem
2681 1556 2800 1613 post

1731 1631 1986 1691 versibus,
2006 1630 2021 1654 ‘
2045 1628 2200 1680 Quod
2219 1633 2479 1690 superest,
2499 1641 2638 1675 nunc
2658 1623 2797 1688 huc,’

1731 1711 1830 1756 dcc.
1867 1720 1964 1771 per
1999 1719 2077 1766 se,
2115 1710 2171 1754 et
2205 1704 2488 1768 separatim
2522 1702 2796 1766 legendum

1732 1788 1888 1846 atque
1911 1779 2292 1844 accipiendum,
2316 1793 2504 1844 neque,
2527 1786 2587 1828 ut
2611 1778 2675 1827 ab
2699 1778 2796 1828 hoc

1731 1859 1844 1906 loco
1878 1856 2130 1921 pendens,
2165 1855 2576 1920 intelligendum.
2624 1853 2794 1903 Lemb-

1731 1938 1850 1986 Vss.
1895 1941 1979 1986 86.
2029 1936 2190 1986 habes
2233 1936 2354 1985 libri
2400 1941 2799 1999 argumentum3

1732 2014 1977 2077 probabit
2014 2014 2148 2062 enirn
2203 2012 2357 2076 poeta
2407 2011 2652 2060 mundum
2701 2010 2797 2060 ali·-

1730 2091 1941 2155 qusndo
1987 2091 2262 2154 incepisse,
2315 2089 2592 2152 aliquando
2639 2088 2794 2136 etiam

1731 2168 2046 2231 periturum3
2079 2166 2264 2216 deinde
2301 2167 2476 2215 mundi
2509 2171 2566 2214 et
2601 2166 2795 2215 anima·

1728 2243 1851 2292 lium
1868 2245 2118 2308 originem
2137 2243 2399 2293 describet
2417 2259 2431 2302 3
2451 2242 2658 2291 docebit
2673 2257 2792 2306 quae

1730 2319 1968 2368 animalia
1991 2319 2134 2368 nasci
2158 2325 2461 2382 potuerunt,
2492 2333 2605 2380 quae
2641 2316 2794 2366 finxit

1733 2394 1996 2458 poetarum
2033 2396 2235 2444 vanitas
2275 2400 2330 2443 et
2369 2394 2508 2455 vulgi
2544 2393 2794 2455 supersti—

1730 2471 1830 2522 tio:
1880 2471 2138 2534 quomodo
2183 2470 2392 2519 nomina
2434 2469 2590 2518 rebus
2632 2469 2794 2532 impo-

1731 2545 1849 2608 sita,
1871 2554 1928 2596 et
1950 2553 2128 2596 mutua
2163 2561 2257 2610 per
2296 2560 2448 2595 voces
2467 2545 2795 2606 commercia,

1729 2626 1868 2675 unde
1891 2625 2073 2690 religio
2098 2634 2154 2674 et
2187 2631 2352 2674 metus
2381 2625 2614 2672 Deorum
2637 2623 2796 2671 dicet.

1730 2703 1970 2767 Denique
1995 2704 2138 2766 soliS,
2171 2703 2326 2764 lnnae,
2346 2702 2590 2764 syderum
2615 2715 2792 2750 cursus

1731 2780 2037 2842 explicabit,
2054 2793 2216 2842 eaque
2233 2780 2341 2827 sola
2355 2779 2402 2826 vi
2422 2777 2794 2838 naturae,nulla

1732 2870 1854 2905 vero
1880 2855 2207 2918 providentia
2237 2855 2372 2903 volvi
2395 2853 2791 2902 demonstrabit.

1732 2933 1846 2981 Nisi
1882 2932 2016 2980 enim
2059 2939 2229 2981 motus
2268 2934 2508 2980 coelestes
2547 2929 2794 2991 explicet,

1728 3009 1863 3058 baud
1896 3008 2052 3057 facile
2094 3008 2246 3057 tollet
2284 3020 2484 3055 omnem
2519 3005 2584 3054 de
2619 3005 2790 3067 provi-

1729 3087 1908 3134 dentia
1948 3085 2271 3148 opinionem:
2329 3101 2444 3134 nam
2487 3083 2688 3148 religio,
2731 3091 2791 3133 ut

1730 3161 1894 3224 primo
1917 3162 2052 3209 libro
2079 3161 2344 3221 observat,
2377 3163 2392 3189 ⁸
2418 3162 2590 3223 Caput
2615 3175 2646 3210 e
2669 3161 2792 3210 coeli

1729 3238 2027 3300 regionibus
2050 3236 2319 3288 ostendit!
2357 3237 2552 3286 Creech.

1796 3314 1935 3362 Nunc
1954 3314 2183 3376 rationes]
2229 3314 2315 3361 Ita
2349 3312 2400 3360 in
2441 3319 2548 3360 vet.
2581 3311 2791 3376 quibus-

1727 3389 1844 3438 dam
1869 3397 1924 3439 et
1944 3391 2133 3439 nostris
2155 3390 2356 3449 melius,
2379 3403 2531 3453 quam
2566 3389 2617 3437 in
2643 3388 2788 3437 aliis:

1724 3467 1853 3514 dum.
1907 3465 2084 3516 Gifan.
2166 3465 2271 3514 Alii
2312 3467 2422 3514 dum
2458 3465 2688 3526 rationes,
2733 3469 2788 3511 et

1725 3540 1900 3590 forsan
1925 3542 2125 3590 melius-
2163 3542 2354 3590 Creech.

1789 3622 1856 3666 60
1892 3619 1995 3674 Quo
2030 3631 2203 3679 genere
2242 3618 2294 3666 iu
2329 3617 2520 3681 primis]
2547 3641 2552 3648 ·
2578 3617 2692 3668 Lib.
2734 3620 2783 3666 3.

1787 3773 1852 3817 62
1893 3771 1991 3818 Nec
2010 3783 2144 3832 posse
2165 3769 2436 3832 incolumis]
2490 3769 2578 3819 Sic
2600 3773 2648 3818 3.
2671 3773 2790 3818 6⁰4.

1725 3846 1741 3875 ‘
1767 3846 1886 3894 Non
1910 3846 2064 3894 modo
2088 3860 2188 3894 nou
2215 3859 2364 3894 omne
2397 3845 2672 3894 incolumis
2694 3844 2788 3892 du-

1729 3937 1844 3972 rare
1868 3937 1964 3985 per
1987 3937 2170 3982 aevum,
2202 3922 2301 3969 Sed
2340 3922 2602 3970 minimum
2627 3921 2790 3985 quod-

1727 3998 1806 4046 vis
1830 4011 1999 4062 neque
2033 4010 2173 4046 cons.
2207 3995 2391 4058 temp.’
2425 3997 2662 4046 velutin
2685 4011 2790 4046 om-

1726 4073 1874 4122 nibus
1897 4072 1989 4121 lib.
2027 4071 2233 4133 legitur,
2275 4073 2381 4120 Non
2413 4073 2548 4120 modo
2573 4087 2670 4120 non
2689 4085 2786 4120 om-

1721 4164 1826 4198 nem
1843 4150 1995 4212 possit
2029 4151 2135 4197 dur.
2169 4162 2258 4210 per
2285 4161 2455 4210 oevum,
2487 4149 2568 4208 ᾂσ.
2633 4145 2787 4198 Quod

1722 4231 1894 4274 autem
1929 4225 2013 4273 hic
2045 4223 2275 4272 nonnulli
2311 4222 2427 4270 libi-i
2461 4223 2666 4285 vulgati
2699 4223 2787 4272 lm·

1721 4302 1864 4365 bent,
1904 4302 2008 4352 Nec
2036 4313 2171 4366 posse
2201 4301 2492 4363 incolumem,
2526 4302 2609 4362 qe.
2647 4313 2790 4350 men-
