3200 4959
569 415 744 487 1364

570 576 702 629 mins
725 572 968 636 splendor
984 570 1191 621 videndi
1211 588 1414 623 sensum
1437 571 1629 621 exstin-

571 658 697 714 guat
719 666 732 697 ι
769 651 833 697 de
856 662 956 711 qua
977 662 1034 697 re
1055 663 1176 701 mox
1199 648 1449 698 dicemus.
1510 647 1631 695 Huc

572 734 744 775 tamen
771 733 892 774 ante
916 725 1203 774 adscribam
1229 724 1432 773 Laberii
1455 736 1658 772 versus·

569 801 638 851 de
659 801 984 863 Democrito,
1007 807 1062 850 et
1085 800 1302 864 quodam
1329 814 1470 860 sene,
1504 812 1633 861 quos

571 876 775 941 profert
807 878 944 927 Gell.
985 881 1064 927 10.
1105 882 1185 927 17.
1227 876 1361 941 quod
1399 876 1462 925 ad
1496 876 1634 923 hunc

571 956 744 1005 locum
765 954 886 1003 mihi
901 954 1124 1003 maxime
1143 954 1408 1017 pertinere
1426 951 1632 999 videan-

571 1037 680 1093 tur,
717 1038 768 1078 et
805 1044 866 1077 eo
901 1029 1084 1090 magis,
1124 1027 1262 1091 quod
1301 1024 1546 1075 mendose
1577 1031 1633 1073 et

576 1098 884 1168 perturbate
922 1103 1060 1167 apud
1095 1104 1322 1153 Gellium
1354 1102 1631 1163 legantur}

571 1183 588 1225 ⁶.
612 1180 942 1229 Democritus
967 1178 1244 1228 Abderites
1262 1178 1498 1240 physicus
1521 1176 1633 1239 phi-

573 1257 817 1317 losopbus
857 1256 1107 1318 Clypeum
1145 1254 1414 1303 constituit
1449 1259 1634 1301 contra

569 1341 810 1385 exortum
861 1330 1203 1393 Hyperionis,
1253 1330 1453 1379 Oculos
1509 1326 1634 1376 effo-

570 1408 697 1461 dere
721 1414 780 1456 ut
808 1415 984 1470 posset
1017 1408 1292 1470 splendore
1325 1418 1491 1453 aereo:
1531 1404 1632 1451 Ra-

570 1484 670 1532 diis
705 1484 830 1533 solis
867 1482 966 1532 sibi
1005 1482 1168 1530 aciem
1203 1479 1384 1529 effodit
1406 1478 1635 1537 luminiS,

571 1559 726 1608 Malis
751 1559 881 1607 bene
917 1573 1033 1607 esse
1065 1572 1132 1605 ne
1165 1556 1370 1604 videret
1402 1554 1630 1603 civibus:

567 1635 655 1683 Sic
677 1648 773 1697 ego
805 1634 1084 1697 splendore
1114 1630 1364 1694 fulgentis
1398 1630 1631 1693 pecunia

570 1712 703 1761 Volo
727 1710 1027 1759 eludificare
1063 1708 1261 1757 exitum
1285 1707 1456 1757 aetatis
1479 1719 1633 1766 meae,

572 1786 658 1843 Ne
683 1787 736 1834 in
760 1799 817 1834 re
849 1784 986 1834 bona
1021 1783 1222 1833 videam
1257 1796 1374 1831 esse
1409 1794 1630 1843 nequam

569 1860 768 1911 filium?
824 1860 994 1909 Lamb.
1081 1856 1364 1921 Splendida
1417 1855 1633 1918 objecta

571 1938 708 1989 oculi
731 1937 838 1999 pati
871 1950 974 1985 non
1015 1942 1249 1997 possunt,
1273 1939 1328 1981 et
1351 1930 1426 1979 sol
1461 1944 1631 1979 excae·

573 2018 677 2074 cat,
701 2012 940 2076 quoniam
965 2025 1066 2069 vsa,
1101 2013 1150 2057 8.
1191 2006 1517 2071 splendidum
1542 2006 1631 2054 ob·

563 2086 765 2148 jectum
808 2086 1007 2134 emittit
1048 2085 1210 2131 multa
1257 2082 1394 2143 ignis⁴
1437 2081 1633 2135 semina

575 2174 687 2223 quae
713 2160 888 2209 oculos
916 2159 1158 2219 adurunt,
1178 2157 1261 2205 vel
1284 2163 1366 2205 est
1389 2156 1634 2205 sensibile

573 2248 866 2296 exuperans
884 2232 1187 2292 sensorium,
1211 2239 1366 2293 atque
1381 2230 1499 2278 ideo
1520 2244 1633 2279 cor-

573 2310 791 2372 rumpit,
832 2308 970 2371 quod
1008 2308 1184 2370 'ipsius
1229 2312 1486 2355 texturam
1531 2307 1634 2355 sol·

574 2399 722 2449 yens,
742 2384 979 2434 debitam
997 2384 1047 2431 in
1073 2397 1137 2431 eo
1171 2382 1476 2443 temperiem
1497 2395 1636 2429 eom·

573 2462 1107 2524 mensurationemque
1143 2464 1412 2522 pervertat
1443 2472 1504 2507 ac
1543 2457 1635 2505 de-

574 2545 756 2600 struat,
777 2539 908 2586 adeo
934 2542 992 2585 ut
1007 2537 1119 2584 aliis
1142 2534 1470 2584 sensibilibus
1491 2534 1635 2582 dein·

575 2629 700 2675 ceps
753 2614 1074 2677 excipiendis
1141 2612 1364 2675 incapax
1426 2611 1633 2659 evadat.

579 2688 772 2737 Creech.

640 2768 739 2813 326
771 2764 857 2813 Sol
885 2763 1030 2811 etiam
1064 2766 1229 2823 coecat,
1271 2760 1378 2823 ξος]
1427 2761 1514 2810 Sic
1555 2761 1635 2809 M.

574 2840 708 2889 Tull.
723 2841 812 2901 lib.
833 2844 883 2889 6.
907 2840 970 2887 de
995 2839 1178 2901 repub.
1244 2838 1349 2887 Hic
1373 2851 1496 2885 vero
1519 2844 1633 2886 tan·

575 2922 661 2970 tus
706 2923 788 2963 est
833 2914 990 2963 totius
1043 2913 1222 2963 mundi
1275 2912 1635 2962 incitatissima

574 2992 919 3041 conversione
961 2992 1178 3052 sonitus,
1223 2994 1281 3039 ut
1322 3004 1436 3038 eum
1482 3004 1635 3039 aures

575 3068 835 3117 hominum
875 3081 1063 3131 capere
1097 3080 1197 3114 non
1236 3066 1466 3129 possint=
1501 3068 1635 3116 sicut

575 3144 630 3193 in
655 3144 810 3191 terris
827 3142 1020 3195 intueri
1032 3142 1190 3190 solem
1206 3140 1432 3204 nequitis
1450 3141 1632 3190 adver·

573 3233 707 3273 sum,
731 3219 946 3281 ejusque
965 3216 1124 3267 radiis
1148 3216 1286 3268 acies
1318 3224 1497 3265 vestra
1519 3231 1632 3264 sen·

577 3307 765 3357 susque
800 3293 1046 3342 vincitur.
1090 3290 1309 3341 Aristot.
1349 3290 1437 3341 lib.
1477 3295 1524 3341 3.
1564 3291 1633 3341 de

574 3370 768 3431 anima,
789 3369 953 3417 tradit
973 3368 1070 3416 hoc
1092 3382 1207 3415 esse
1235 3382 1502 3416 commune
1525 3382 1631 3417 oms

574 3445 719 3495 nium
757 3458 1014 3504 sensuum,
1045 3450 1104 3492 ut
1141 3456 1206 3491 ea
1245 3458 1358 3505 quae
1399 3443 1495 3491 sub
1541 3458 1631 3493 eos

572 3519 786 3581 cadunt,
807 3518 850 3567 si
882 3518 1085 3567 modum
1109 3523 1376 3579 superent,
1405 3531 1633 3565 corrum-

573 3600 706 3658 pant
740 3608 940 3655 sensus,
978 3600 1070 3641 ant
1105 3599 1248 3640 certe
1283 3598 1517 3640 sensuum
1557 3592 1632 3639 in-

571 3676 882 3719 strumenta.
913 3667 1076 3716 Verbi
1109 3666 1292 3728 gratia,
1326 3666 1522 3715 sonitus
1554 3668 1631 3716 ni·

577 3747 727 3805 mins,
745 3751 800 3793 et
829 3743 1034 3793 modum
1057 3755 1326 3805 superans,
1347 3742 1594 3791 exsurdat
1614 3759 1627 3793 t

575 3821 764 3872 nimius
839 3818 1084 3882 splendor
1140 3817 1407 3866 oculorum
1466 3818 1629 3867 aciem

573 3896 926 3959 praestinguit,
958 3902 1114 3957 atque
1147 3892 1278 3941 adeo
1313 3894 1629 3957 exstinguit:

567 3981 636 4021 et
656 3974 731 4021 ita
761 3972 828 4020 de
861 3971 1067 4020 caeteris
1102 3970 1450 4019 sentiendum.
1481 3970 1629 4034 cujus

577 4048 656 4096 rei
679 4049 812 4095 hanc
849 4048 1098 4095 rationem
1136 4044 1309 4106 affert,
1339 4046 1474 4111 quod
1513 4062 1629 4096 sene

574 4138 682 4182 sus,
703 4124 834 4173 ratio
867 4122 1099 4187 quaedam
1122 4129 1202 4170 est
1224 4138 1235 4169 ε
1271 4122 1433 4170 omnis
1457 4129 1629 4171 autem

577 4200 712 4247 ratio
736 4198 1084 4261 corrumpitur
1105 4198 1168 4247 ab
1191 4205 1264 4248 'eo
1289 4197 1426 4260 quod
1450 4205 1531 4247 est
1553 4199 1631 4247 ni·

572 4276 754 4335 mium,
769 4282 822 4325 et
836 4274 899 4325 ab
913 4289 976 4324 eo
994 4276 1132 4337 quod
1149 4283 1225 4325 est
1243 4288 1444 4337 parum.
1455 4286 1629 4338 quem-

1237 430 1496 479 *No'r‘AE
1545 425 1945 479 VARIGRUM
1996 430 2074 477 m
2151 452 2157 457 ·

1707 570 1982 619 admodum
2044 570 2343 635 symphonia
2396 572 2767 639 corrumpitur}

1705 647 1749 695 si
1800 646 2007 695 chorda!
2048 647 2425 709 vehementius,
2465 663 2617 712 quam
2669 662 2767 715 par

1704 722 1793 783 sit,
1830 723 2133 785 pulsentur;
2167 729 2258 771 aut
2292 724 2335 772 si
2379 725 2461 773 vel
2495 725 2650 775 nimis
2682 738 2763 776 re·

1705 796 1895 857 missae,
1939 798 2023 846 vel
2060 798 2211 846 nimis
2254 806 2517 849 contentae
2550 799 2764 851 fuerint·-

1706 870 1873 921 Lumb.
2520 878 2524 882 '
2657 916 2663 921 .
2725 884 2767 890 “’

1774 950 1953 999 Contra
1969 950 2014 999 si
2032 949 2245 1012 tendere]
2278 951 2365 999 Sic
2378 950 2574 999 babent
2598 940 2764 1001 nostri

1706 1036 1882 1075 omnes
1925 1026 2047 1075 libri
2090 1034 2197 1075 vet.
2232 1034 2289 1076 et
2328 1027 2453 1074 item
2496 1028 2635 1090 vulg.
2678 1028 2765 1076 ·1n

1707 1103 1722 1145 ,⁴
1748 1102 1995 1151 tendere’
2046 1108 2221 1150 autem
2274 1100 2763 1163 subintelligendum

1706 1175 1899 1223 oculos.
1979 1176 2066 1225 Sic
2116 1182 2286 1225 utitem
2330 1176 2608 1238 loquuntur
2644 1175 2766 1224 borii

1706 1250 2006 1312 scriptores,
2025 1253 2041 1279 ⁶
2064 1250 2316 1313 tendere-‚⁹
2337 1258 2393 1300 et
2412 1248 2768 1313 ‘contendere

1706 1325 1919 1375 oculos?
1983 1326 2072 1375 Sic
2108 1340 2223 1389 sup.
2258 1330 2305 1374 1.
2343 1330 2425 1375 67.
2488 1328 2505 1355 ‘
2535 1326 2764 1375 Primum

1706 1402 1895 1452 Graius
1916 1404 2071 1453 homo
2102 1404 2359 1452 mon-taleis
2395 1403 2612 1453 tendere
2645 1418 2767 1452 eon-

1706 1488 1790 1527 tra
1809 1479 1906 1527 Est
1926 1481 2100 1528 oculos
2124 1478 2310 1528 ausus!
2332 1481 2499 1543 neqn'e
2522 1484 2605 1528 est
2626 1480 2765 1543 quod

1705 1558 1973 1621 quisquam
2005 1558 2126 1605 mihi
2150 1558 2312 1621 dicat,
2332 1572 2511 1607 vocem
2528 1558 2653 1607 oculi
2675 1565 2765 1608 aut

1706 1632 1857 1681 nimis
1878 1634 2033 1695 longe
2058 1632 2258 1696 abesse,
2289 1639 2379 1682 aut
2410 1648 2658 1696 nusquam
2680 1633 2767 1683 bic

1707 1722 1821 1758 esse
1866 1710 2109 1773 positam.
2175 1710 2273 1759 Est
2316 1709 2455 1757 enim
2505 1708 2558 1757 in
2610 1725 2765 1773 supe·

1710 1786 1843 1833 riore
1864 1799 2017 1833 versu
2031 1786 2284 1847 proximo,
2302 1784 2377 1833 sic
2399 1784 2452 1833 in
2466 1786 2560 1833 boc
2584 1786 2766 1834 eodem

1710 1860 1863 1921 dixit,
1916 1862 1931 1888 ‘
1964 1862 2055 1909 Sol
2107 1860 2264 1908 etiam
2317 1858 2519 1909 caecat.’
2576 1867 2765 1923 nempe

1710 1939 1725 1965 ‘
1746 1935 1955 1985 oculos.'
1991 1934 2143 1987 Quod
2166 1934 2210 1983 si
2232 1935 2282 1982 in
2306 1934 2383 1983 bis
2407 1934 2601 1996 verbis,
2636 1939 2652 1963 ⁶
2676 1937 2766 1985 Sol

1707 2013 1866 2062 etiam
1916 2012 2118 2073 caecat,'
2163 2020 2326 2060 recte.
2354 2010 2765 2074 subintelligitur

1708 2088 1725 2115 ‘
1748 2087 1981 2148 ocnl0s;’
2016 2102 2109 2137 cur
2133 2102 2233 2135 nou
2258 2093 2312 2135 et
2341 2087 2392 2135 in
2414 2092 2428 2115 ‘
2455 2096 2637 2136 contra
2654 2079 2775 2137 ten-'

1708 2163 1832 2211 dere
1849 2162 1887 2211 ?’
1920 2164 2005 2213 Sic
2030 2163 2165 2211 enim
2202 2162 2440 2225 procedit
2474 2164 2767 2213 sententia:

1708 2238 1799 2286 Sol
1838 2246 2004 2287 caecat
2046 2238 2238 2294 oculos,
2277 2238 2319 2286 si
2360 2252 2547 2301 pergas
2586 2240 2765 2287 oculos

1707 2319 1891 2362 contra
1913 2312 2148 2363 tendere.
2184 2312 2391 2363 'Zoilus
2424 2320 2595 2361 autem
2634 2314 2765 2376 legit

1683 2379 1908 2452 'cer-nere,
1928 2403 2029 2438 non
2052 2395 2215 2449 recte,
2246 2394 2301 2437 et
2331 2395 2515 2437 contra
2538 2390 2761 2437 omnium

1706 2462 1951 2512 librorum
1976 2465 2359 2513 auctoritatem.
2402 2464 2569 2511 Lamb.
2640 2464 2764 2511 Cem-

1706 2542 1786 2587 tm
1806 2540 1851 2587 si
1866 2551 2069 2589 cernere.
2088 2540 2173 2588 Ita
2197 2554 2261 2587 ex
2289 2539 2551 2587 veteribus
2572 2539 2764 2588 malim.

1708 2615 1862 2679 Vulg.
1888 2616 2013 2664 etin
2039 2616 2183 2664 aliis:
2218 2618 2425 2663 tendere.
2493 2613 2668 2665 Gifan.

1772 2694 1869 2739 329
1906 2690 2279 2752 Composita-ras]
2308 2688 2403 2738 Τὰς
2423 2687 2648 2752 ἁρμογὰς,
2681 2688 2769 2737 τὰς

1708 2768 1931 2828 συναφάς.
1968 2767 2137 2815 Lamb.
2202 2764 2520 2830 Ξυναρμογάς.
2555 2766 2728 2817 Faber.

1772 2846 1872 2891 832.
1925 2843 2239 2906 Insinuando]
2296 2843 2585 2906 neomeniis,
2645 2844 2767 2891 insi-

1708 2927 1947 2981 nuantur,
1976 2916 2086 2980 jam
2125 2920 2263 2967 alibi.
2320 2920 2489 2968 Faber.

1772 3000 1867 3044 333
1890 2996 2075 3043 Luridn
2097 2994 2489 3059 proetereafitmt]
2516 2996 2533 3021 ⁶
2556 2988 2731 3041 L'uridi
2750 2992 2768 3018 ³

1706 3069 1901 3135 (inquit
1922 3070 2316 3133 Festu·s)-supra
2337 3070 2540 3118 modum
2558 3069 2765 3131 pallidi.
2848 3076 2851 3082 '

1705 3145 1720 3171 ‘
1743 3145 1987 3193 Luridum
2008 3150 2019 3171 ’
2053 3152 2220 3193 autem
2246 3159 2277 3192 a
2298 3144 2427 3204 lura,
2468 3147 2498 3193 i.
2524 3160 2569 3195 e.
2610 3146 2767 3195 corio.

1709 3218 1907 3268 Auctor
1976 3218 2283 3269 voca'bularii
2362 3218 2767 3281 Latino-Grae0i3

1706 3297 1723 3323 ‘
1744 3293 2003 3355 Luridus‚’
2028 3296 2212 3359 inquit,
2226 3294 2421 3357 ιὠχρὸς,
2440 3294 2623 3358 πήλιος,
2645 3294 2765 3343 ἴκτε-

1705 3368 1860 3433 ρικός.’
1930 3370 1988 3417 ln
2026 3372 2323 3435 quibusdam
2348 3371 2495 3419 libris
2520 3372 2655 3433 vulg.
2693 3380 2767 3419 ta—

1708 3462 1828 3495 men
1864 3448 2167 3509 impressum
2206 3454 2288 3495 est
2324 3448 2466 3495 luteo.
2532 3448 2547 3474 ‘
2569 3444 2765 3495 Lutea'

1708 3529 1899 3579 autem,
1934 3523 1967 3569 i.
1988 3536 2033 3570 e.
2058 3521 2228 3571 crocei
2249 3520 2454 3581 coloris,
2486 3534 2578 3568 seu
2600 3522 2765 3583 qualis

1708 3605 1790 3645 est
1843 3598 1985 3645 color
2035 3610 2246 3643 ovorum
2291 3594 2498 3642 vitellis.
2561 3595 2761 3645 Varrox

1706 3672 1723 3699 ‘
1748 3671 1853 3719 Sed
1879 3671 2089 3733 Cynicis
2112 3670 2427 3718 involucrum
2462 3677 2517 3717 et
2551 3670 2763 3732 pallium

1706 3746 1898 3793 luteum
1924 3758 2023 3791 non
2046 3742 2163 3793 est!
2212 3742 2315 3792 Sed
2342 3750 2547 3805 qnaerat
2566 3746 2771 3807 aliquis,

1706 3835 1795 3869 cur
1817 3820 1912 3869 boc
1936 3820 2043 3869 fiat.
2079 3826 2289 3883 propter
2310 3821 2445 3868 oculi
2468 3820 2645 3867 vitium
2668 3822 2764 3869 sci-

1704 3896 1849 3945 licet.
1886 3910 2003 3944 nam
2038 3910 2150 3943 cun·
2178 3894 2311 3942 visus
2335 3894 2427 3943 fiat
2454 3909 2548 3956 per
2571 3894 2764 3943 adven·

1706 3978 1816 4021 tum
1834 3971 2106 4019 formarum
2126 3970 2557 4034 adspectabilium
2574 3970 2624 4018 in
2639 3984 2765 4019 ocu·
2821 3994 2828 4000 ·

1704 4048 1810 4095 los:
1849 4047 2091 4109 quicquid
2117 4054 2292 4095 autem
2326 4046 2538 4109 recipit,
2572 4046 2765 4095 debeat

1706 4136 1821 4170 esse
1842 4123 2001 4169 omnis
2027 4122 2290 4185 qualitatis
2312 4136 2521 4184 expers,
2560 4122 2602 4169 si
2624 4121 2763 4170 futu·

1708 4211 1818 4244 rum
1858 4205 1959 4256 est,
1992 4205 2049 4245 ut
2088 4197 2279 4247 formas
2321 4196 2482 4260 probe
2524 4196 2762 4260 recipiat,

1706 4274 2133 4336 quemadmodum
2186 4273 2400 4323 materia
2452 4272 2609 4321 debet
2652 4287 2761 4323 esse
