3200 4959
592 405 768 473 1374

595 577 798 629 pequae
821 568 970 613 recta
1001 562 1090 623 sit,
1111 560 1202 611 sed
1235 562 1466 611 umbram
1489 572 1651 625 quan·

597 640 714 689 dam
753 638 826 688 rei
861 638 1128 687 incurvam
1166 652 1228 686 ac
1265 634 1540 685 refu-actam
1579 634 1655 683 vi-

595 714 736 763 deat.
773 720 850 776 et,
875 727 992 763 cum
1029 712 1156 762 remi
1196 721 1372 775 partes
1395 710 1653 762 continuae

595 790 808 839 directa!
829 803 1084 853 apparere
1115 802 1218 837 non
1253 787 1472 851 possint,
1495 798 1656 847 appa-

595 873 749 914 reant
770 865 1088 915 continuatas
1111 863 1388 913 indirecte.
1442 862 1609 910 Lonib-

659 943 758 989 488
793 939 1000 1003 cauda]
1032 940 1224 989 Remos
1255 938 1389 988 enim
1425 937 1658 1000 navigio-

597 1030 711 1069 rum
749 1029 906 1065 crura
938 1014 1203 1079 pedesque
1243 1014 1508 1063 existimes
1549 1013 1660 1077 qui-

599 1093 696 1142 bus
725 1098 820 1157 per
852 1090 1038 1141 fluctus
1071 1092 1344 1142 inceduntz
1380 1092 1518 1149 ideo,
1539 1104 1657 1139 cum

597 1168 651 1218 hi
673 1168 800 1220 remi
826 1168 982 1218 fracti
1015 1176 1322 1233 appareant,
1347 1169 1556 1232 navigia
1585 1167 1660 1215 di·

599 1251 787 1297 cuntur
807 1244 1010 1294 clauda.
1079 1245 1272 1296 Creech.

667 1320 728 1389 ζει
743 1321 908 1384 portu]
941 1320 1236 1382 Legendnm
1258 1320 1313 1369 in
1327 1320 1496 1369 Ponto.
1517 1317 1659 1369 Quid

599 1394 736 1443 enim
761 1396 970 1459 navigia
1001 1398 1054 1445 in
1081 1402 1224 1459 portu
1246 1396 1544 1445 obnituntur
1568 1409 1660 1442 un·

599 1471 710 1519 dis?
778 1471 968 1520 Creeclt.
1035 1471 1142 1520 Sed
1158 1473 1364 1534 legetur
1382 1471 1458 1519 ita
1479 1476 1663 1519 contra

600 1558 778 1599 omnes
799 1546 928 1595 Mss.
945 1560 1045 1609 qua
1067 1559 1164 1608 ego
1186 1546 1428 1595 violentia
1449 1558 1548 1593 non
1571 1544 1662 1592 de-

600 1621 789 1670 lector.
856 1620 1018 1682 Quid,
1043 1620 1244 1683 ‘ignari
1265 1619 1462 1679 maris,'
1482 1634 1544 1668 an
1561 1633 1663 1669 non

597 1695 898 1759 prinsquam
913 1694 1028 1757 jam
1061 1694 1114 1744 in
1137 1700 1153 1723 6
1172 1702 1388 1759 pontum
1407 1694 1422 1715 ⁹
1450 1709 1665 1757 provec-

601 1771 642 1820 ti
665 1770 790 1833 sint,
807 1771 967 1820 etiarn
1001 1772 1127 1819 talia
1150 1769 1342 1820 effecta
1363 1771 1416 1820 iu
1441 1771 1458 1799 ‘
1478 1778 1633 1833 portu
1648 1766 1669 1793 ’

602 1845 818 1896 vident?
883 1846 1097 1896 Maneat
1140 1846 1319 1911 itaquo
1363 1844 1534 1909 poetae
1571 1859 1664 1894 sua

604 1936 703 1971 vox
729 1928 785 1971 et
805 1924 1088 1979 sententia.
1157 1924 1291 1973 Hor.

665 2000 767 2045 489
809 1997 1058 2060 Apta-stris
1097 2000 1302 2063 fractis]
1357 1998 1497 2051 Quid
1562 1999 1667 2049 sint

605 2072 860 2136 aplustra,
880 2073 1102 2123 diximus
1123 2089 1237 2139 sup.
1259 2079 1307 2123 2.
1329 2080 1411 2123 55.
1433 2074 1500 2124 ad
1521 2074 1666 2123 illum

604 2149 796 2211 locum,
831 2151 846 2180 ‘
866 2147 1128 2200 fluitantia
1169 2149 1433 2213 aplustra?
1497 2148 1665 2199 Lomb.

611 2223 785 2285 Uadis,
808 2231 1014 2273 veteres
1047 2225 1282 2287 quidam:
1316 2226 1486 2285 undu,
1505 2224 1673 2273 etiam‘

603 2306 770 2347 recte.
840 2297 951 2357 Gis.
1017 2298 1268 2361 Aplustra
1288 2299 1500 2364 proprie
1519 2298 1669 2347 navis

609 2378 928 2423 ornamenta.
996 2372 1114 2423 Hoc
1146 2381 1318 2423 autem
1353 2374 1468 2423 loco
1489 2387 1667 2423 omnes

610 2450 801 2514 navigii
826 2457 1022 2514 partes,
1039 2466 1154 2515 quas
1176 2452 1320 2515 aquis
1345 2457 1546 2513 extant,
1563 2450 1669 2513 sig·

610 2522 844 2587 nificant,
881 2532 942 2575 ut
982 2527 1250 2591 sequeutia
1294 2526 1667 2575 demonstrant.

612 2600 804 2649 Creech.

672 2679 770 2724 440
808 2676 937 2727 Nam
965 2676 1279 2740 quocumque]
1319 2676 1671 2741 Quaecumque

607 2749 822 2815 (iuquit)
859 2764 1115 2801 remorum
1153 2766 1272 2815 pars
1311 2759 1486 2802 exstat
1515 2765 1673 2816 snpra

609 2829 625 2855 6
650 2840 823 2875 rorem
838 2826 996 2889 salis‚’
1019 2828 1053 2875 i.
1073 2842 1121 2876 e.
1139 2842 1322 2891 aquam
1339 2828 1512 2890 maris,
1526 2834 1674 2875 recta

611 2908 730 2949 est:
765 2916 881 2966 quae
923 2916 1091 2953 mersa
1128 2912 1229 2963 est,
1269 2900 1499 2952 refracta
1531 2902 1673 2950 vide·

611 2983 720 3030 tur.
759 2976 838 3025 M·
857 2977 994 3034 Tull.
1019 2976 1264 3027 Lucullo:
1299 2979 1316 3006 ‘
1343 2977 1529 3040 Neque
1552 2990 1676 3025 vero

613 3053 712 3101 hoc
747 3053 860 3103 loco
891 3054 1304 3117 exspectandum
1339 3061 1440 3115 est,
1462 3052 1582 3101 dum
1608 3052 1676 3104 de

613 3142 758 3177 remo
788 3125 999 3187 inflexo,
1021 3136 1112 3177 ant
1149 3128 1216 3177 de
1253 3128 1388 3178 coilo
1421 3128 1675 3177 columbae

614 3202 994 3266 respondeam.'
1041 3204 1352 3254 Plutarchus
1376 3201 1490 3267 πρὸς
1513 3203 1677 3252 Komb-

611 3296 723 3341 την,
755 3293 818 3329 eo
856 3280 994 3343 loco,
1035 3280 1122 3329 ubi
1160 3282 1394 3345 disputat
1428 3279 1677 3330 adversus

615 3368 816 3414 sensus,
859 3353 1158 3418 ostendens,
1199 3370 1288 3406 eos
1329 3371 1430 3406 non
1468 3370 1679 3420 semper

616 3442 731 3477 esse
753 3442 926 3488 veros,
947 3435 1040 3477 aut
1075 3429 1185 3477 veri
1221 3430 1450 3493 nuntios,
1484 3431 1578 3493 ait,
1599 3431 1678 3479 rei

615 3504 842 3570 quidem,
864 3519 980 3569 quae
1002 3504 1097 3554 snb
1110 3519 1244 3569 aqua
1265 3512 1366 3568 est,
1383 3506 1681 3569 imaginem,

616 3595 647 3629 a
669 3596 772 3646 qna
803 3581 1028 3643 imagine
1069 3581 1205 3629 visus
1247 3580 1486 3644 afficitur,
1519 3588 1677 3644 atque

614 3659 703 3722 (ut
724 3658 800 3707 ita
822 3656 1014 3722 dicam)
1035 3657 1252 3721 patitur,
1275 3671 1394 3707 esse
1422 3654 1679 3719 fractam;

617 3748 814 3783 remum
857 3740 1050 3797 autem,
1091 3748 1158 3783 ex
1194 3748 1295 3798 qno
1331 3731 1449 3783 fluit
1491 3733 1679 3797 imago,

619 3824 726 3859 non
770 3822 881 3858 esse
918 3806 1159 3859 fractum.
1223 3808 1290 3858 Τὸ
1330 3808 1427 3874 γὰρ
1474 3809 1679 3873 εἰδώλων,

620 3885 699 3948 ὑφ’
711 3881 766 3933 οὗ
779 3883 1005 3933 πέπονθεν
1017 3883 1049 3943 ἡ
1065 3884 1182 3947 ὄψις,
1198 3885 1516 3947 κεκλασμένον
1531 3885 1679 3934 ἐστίν·

619 3961 654 4021 ἡ
674 3960 806 4020 κόπτ’
841 3958 910 4023 δὲ,
930 3960 1011 4023 ἀφ’
1047 3957 1107 4019 ἧς
1134 3959 1195 4010 τὸ
1227 3960 1434 4024 timor,
1457 3962 1541 4011 οὐκ
1576 3960 1683 4010 ἔστι

619 4035 935 4097 κεκλασμένη.
999 4037 1122 4087 Huc
1162 4037 1430 4101 pertinent
1466 4052 1530 4087 ea
1566 4052 1682 4101 quoe

621 4114 807 4165 scribit
847 4114 1047 4164 Seneca
1079 4118 1246 4163 natur.
1311 4114 1512 4165 Quaest.
1545 4118 1594 4165 1.
1631 4118 1683 4163 ⁸.

619 4191 637 4219 6
664 4188 806 4238 Nihil
835 4188 946 4238 acie
968 4196 1144 4238 nostra
1165 4188 1419 4251 fallacius,
1441 4203 1544 4239 non
1570 4197 1680 4239 tan-

626 4264 811 4333 tumin
835 4264 933 4330 bis,
953 4279 983 4314 a
1005 4265 1187 4329 quibus
1226 4267 1492 4317 subtiliter
1513 4268 1683 4331 pervi-

1301 417 1520 469 HO'I'AE
1565 417 1901 469 vAluoRu
1916 418 1963 467 Μ
2016 418 2095 466 m

1726 558 1909 609 (lendis
1930 558 2071 608 illam
2102 558 2330 607 colorum
2360 522 2637 604 diversitas
2669 552 2789 604 snb-'-

1726 644 1924 697 movet,
1946 636 2037 685 sed
2071 635 2223 683 etiam
2260 633 2314 682 in
2346 634 2423 681 his
2445 647 2651 697 qnoque
2672 644 2803 697 quoe.

1730 712 1795 761 ad
1818 726 2021 762 manum
2040 711 2226 760 cernit.
2296 709 2487 758 Remus
2508 709 2715 772 integer
2734 708 2787 757 in
2873 761 2880 768 ,

1728 788 1871 836 tenni
1926 800 2061 851 aqua
2113 784 2270 834 fracti
2322 784 2549 847 speciem
2594 783 2789 833 reddit.

1730 864 1895 913 Poma
1914 876 2005 925 per
2022 862 2209 910 vitrum
2236 859 2609 922 aspicientibus
2626 860 2789 921 multo

1730 940 1922 1004 majora
1944 946 2081 989 sunt.
2146 939 2514 989 Columnarum
2547 924 2793 984 interval·

1731 1016 1783 1065 la
1814 1016 2047 1079 porticus
2077 1014 2331 1076 longiores
2353 1010 2618 1075 jungunt.⁹
2682 1010 2790 1059 Sed

1732 1098 1933 1157 quoeret
1954 1090 2136 1155 aliquis
2156 1086 2434 1151 φιλομαθὴς,
2455 1086 2552 1135 boc
2574 1086 2790 1135 Seneca

1729 1170 1865 1229 loco,
1904 1181 2053 1231 quem
2096 1165 2249 1214 modo
2293 1162 2503 1228 protuli,
2542 1162 2681 1211 lecto
2722 1160 2793 1209 de

1734 1242 1900 1307 pomis
1942 1254 2037 1305 per
2075 1241 2264 1289 vitrum
2300 1238 2582 1301 adspectis,
2616 1250 2792 1301 quam-

1734 1317 1913 1367 obrem
1931 1317 2128 1380 majora
2148 1317 2440 1365 videantur.
2492 1315 2644 1363 Hanc
2670 1312 2792 1362 rati·

1735 1406 1885 1442 ouem
1921 1390 2077 1441 affert
2104 1390 2408 1440 Alexander
2440 1389 2677 1452 Apin-od.
2700 1388 2798 1437 lib.

1740 1473 1785 1518 1.
1811 1467 1977 1531 probi.
2013 1471 2095 1517 86.
2131 1466 2230 1516 nisi
2266 1464 2440 1528 fallor,
2470 1468 2487 1494 6
2507 1464 2675 1517 Quia'
2696 1464 2795 1529 (in-

1738 1541 1873 1606 quit)
1903 1544 2068 1606 ‘aqua
2108 1556 2280 1605 pomo,
2323 1548 2415 1590 aut
2457 1540 2545 1589 alii
2586 1539 2797 1604 corpori

1738 1634 1905 1669 merso
1918 1620 2259 1680 circumdata,
2279 1619 2502 1667 colorem
2523 1628 2796 1679 corporum

1738 1695 1941 1743 iliorum
1981 1694 2033 1743 in
2066 1708 2123 1743 se
2162 1693 2370 1756 recipit,
2402 1701 2457 1742 et
2494 1706 2698 1742 sensum
2723 1690 2797 1741 vi-

1738 1768 1899 1818 dendi
1940 1767 2095 1832 fallit,
2124 1769 2274 1833 quasi
2315 1769 2405 1817 illa
2444 1769 2548 1818 sint
2585 1767 2800 1829 majora,

1734 1858 1894 1908 quam
1917 1858 1973 1893 re
1996 1858 2121 1894 vera
2152 1852 2291 1894 sunt.
2357 1844 2473 1893 Hac
2505 1856 2693 1906 nempe
2715 1858 2799 1892 ra-

1739 1919 1883 1969 tione
1905 1920 2064 1969 etiam
2088 1921 2183 1980 sol,
2204 1927 2260 1969 et
2292 1921 2433 1980 luna,
2452 1924 2507 1968 et
2535 1920 2698 1969 stelloe
2718 1930 2798 1967 er-

1742 2001 1917 2044 rantes
1939 2010 2055 2046 cum
2088 1996 2141 2044 in
2161 1995 2378 2044 finiente
2410 2010 2499 2044 seu
2531 1994 2797 2045 horizonte

1741 2071 1998 2133 orientali,
2025 2082 2114 2120 aut
2136 2070 2676 2137 occidentali’(liceat
2710 2071 2800 2121 mi·

1740 2148 1794 2197 hi
1817 2148 1897 2196 his
1919 2147 2207 2197 nominibus
2227 2148 2329 2211 uti)
2344 2148 2359 2175 6
2384 2155 2678 2216 versantur,
2694 2162 2801 2207 mae

1732 2224 1901 2286 jores,
1922 2235 2074 2287 quam
2093 2223 2194 2272 alio
2216 2223 2267 2271 in
2292 2223 2424 2284 loco,
2444 2230 2713 2286 putantur,
2734 2236 2799 2272 eo

1743 2297 1879 2362 quod
1912 2297 2020 2359 aiir,
2042 2299 2129 2361 qui
2168 2312 2388 2361 corpora
2420 2298 2511 2347 illa
2543 2298 2801 2360 complec-

1744 2374 1887 2436 titur,
1941 2372 2353 2438 cujusdammodi
2404 2373 2471 2422 ab
2525 2373 2626 2422 iliis
2673 2372 2803 2423 ssat!

1745 2451 2013 2501 Hactenus
2034 2452 2140 2502 ille.
2204 2453 2337 2504 Qnoe
2378 2452 2512 2501 ratio
2546 2457 2718 2501 antem
2748 2452 2803 2500 in

1744 2541 1876 2592 aqua
1890 2528 2060 2577 locum
2080 2528 2255 2592 habet,
2276 2527 2459 2577 eadem
2478 2528 2533 2577 in
2558 2527 2695 2576 vitro
2718 2541 2804 2576 vae

1745 2602 1837 2652 let.
1899 2604 2067 2654 anb.

1810 2679 1986 2728 Rorem
2020 2680 2160 2744 salis]
2191 2678 2392 2745 Aquam
2434 2678 2623 2730 marist
2654 2679 2803 2742 virg.

1746 2753 1860 2803 AEn.
1903 2759 1950 2803 l.
1989 2758 2071 2804 39.
2106 2756 2355 2818 ‘spumas
2386 2756 2505 2805 salis
2542 2770 2647 2805 aere
2688 2770 2803 2805 rue·

1747 2830 1902 2879 bant-⁹
1968 2832 2161 2882 creech.

1810 2908 1904 2954 ⁴41
1944 2907 2014 2955 Et
2049 2911 2181 2956 recta
2218 2922 2416 2971 superne
2446 2908 2685 2973 aberae]
2717 2909 2803 2958 Sie
2838 2908 2843 2913 “

1746 2980 2040 3043 legendum,
2072 2989 2128 3032 et
2161 2984 2235 3034 ita
2266 2984 2463 3033 habent
2497 2985 2620 3034 libri
2658 2986 2805 3050 quin·

1749 3069 1851 3119 qne
1888 3071 2142 3109 manuscr.
2214 3059 2409 3108 Nonius
2449 3066 2619 3109 autem
2648 3060 2807 3110 docet

1750 3130 2045 3193 ‘guberna'
2067 3132 2292 3197 positum
2330 3148 2445 3183 esse
2472 3134 2540 3183 ab
2572 3136 2805 3199 antiquis

1750 3220 1846 3269 pro
1870 3207 2235 3271 gubernacula.
2268 3216 2329 3257 ut
2350 3223 2379 3257 a
2400 3210 2588 3259 Lucill.
2610 3207 2702 3259 lib.
2724 3212 2808 3261 20.

1750 3282 1859 3331 Sat.
1896 3285 1911 3311 6
1946 3283 2141 3331 Pron-as
2184 3283 2492 3347 despoliate,
2534 3290 2589 3333 et
2627 3283 2810 3335 deton-

1750 3357 1874 3407 dete
1919 3358 2183 3421 guberua.’
2246 3358 2448 3408 Auctor
2491 3359 2807 3409 vocabularii

1752 3434 2160 3496 Latino-Graeci,
2194 3436 2211 3461 ‘
2234 3434 2581 3495 Gubernum,'
2623 3436 2809 3500 inquit,

1749 3507 2004 3572 κυβέρνιον.
2029 3525 2145 3573 sup.
2163 3515 2213 3558 2.
2234 3513 2351 3559 558.
2374 3512 2390 3538 6
2408 3510 2707 3573 Disjectare
2731 3526 2811 3561 so·

1750 3586 1827 3633 let
1848 3598 2085 3649 magnum
2110 3598 2250 3633 mare
2284 3590 2526 3645 transtra,
2546 3586 2819 3649 guberna.’

1750 3659 1970 3711 Juvabit
1999 3660 2378 3709 Tertullianum
2402 3661 2579 3725 legere
2614 3663 2704 3713 lib.
2740 3664 2810 3713 de

1752 3735 1903 3782 anim.
1940 3749 2055 3797 cap.
2096 3733 2163 3783 de
2197 3735 2422 3801 quinque
2454 3738 2710 3799 sensibus,
2744 3739 2813 3789 de

1751 3809 1830 3861 his
1854 3811 2091 3859 omnibus
2113 3826 2351 3861 sensuum
2381 3810 2605 3862 fallaciis
2635 3813 2811 3877 dispu-

1754 3891 1970 3936 tantem.
2037 3887 2198 3950 Cujus
2223 3886 2333 3937 liaec
2357 3902 2523 3951 pauca
2539 3887 2701 3937 verba
2723 3889 2814 3939 ad·

1755 3961 1999 4022 scribam,
2014 3963 2117 4011 loci
2140 3963 2393 4013 duntaxat
2417 3965 2676 4015 indicandi
2702 3980 2817 4029 gra·

1756 4037 1869 4087 tia:
1922 4039 1938 4065 6
1965 4037 2154 4103 Itaque
2200 4039 2556 4090 mendacium’
2595 4041 2814 4106 (inquit)

1756 4115 1773 4143 6
1796 4114 2075 4179 objicitur:
2110 4116 2246 4180 quod
2284 4129 2450 4165 remos
2488 4117 2540 4165 in
2574 4130 2706 4180 aqua
2744 4120 2817 4165 in-

1756 4189 1942 4253 flexos,
1963 4192 2044 4241 vel
2067 4189 2315 4240 infractos
2336 4190 2612 4242 adseverat
2634 4191 2815 4241 adver·

1758 4282 1839 4316 sus
1877 4267 2245 4317 conscientiam
2293 4266 2643 4331 integritatis3
2677 4268 2813 4334 quod
