3200 4959
575 431 750 498 1610

575 591 656 650 vis
673 589 912 642 incitata.
965 591 1052 642 Sic
1071 595 1118 642 1.
1137 595 1254 642 2¹12.
1315 591 1336 621 ‘
1361 589 1633 654 Principio

578 669 723 718 venti
748 668 822 716 vis
844 666 1086 718 verberat
1117 668 1275 719 incita
1309 667 1561 733 pontum.’
1579 674 1637 718 et

577 749 628 794 5.
653 747 797 796 1993.
865 745 881 774 ‘
900 745 1070 793 Multa
1107 744 1342 798 videmus
1377 745 1512 793 enim
1533 757 1635 793 εε-

577 819 794 870 lentibus
833 819 994 870 incita
1037 818 1254 870 flammis
1289 819 1543 884 Fuigere!
1579 824 1636 868 et

578 895 678 944 boc
716 893 808 944 lib.
848 897 964 944 294.
1034 896 1049 922 ⁶
1071 895 1164 944 Est
1201 895 1358 945 etiam
1393 910 1510 946 cum
1553 895 1634 944 vis

581 969 908 1020 extrinsecus
931 971 1092 1022 incita
1125 971 1304 1036 ventl,'
1337 975 1436 1022 dte.
1465 971 1637 1021 Lemb-

644 1048 739 1094 137
771 1045 979 1110 Impete]
1035 1046 1265 1110 Impetu,
1307 1054 1367 1096 ut
1407 1052 1460 1096 2.
1515 1050 1634 1096 826.

581 1124 598 1152 ⁸
619 1122 1001 1173 'transmittunt
1032 1124 1202 1173 valido
1223 1125 1521 1190 quatientes
1541 1125 1637 1172 im·

580 1205 705 1264 pete
729 1213 938 1263 campos
953 1198 987 1249 ε’
1037 1199 1266 1263 itemque
1307 1215 1419 1265 sup.
1455 1205 1512 1250 et
1543 1198 1637 1250 inf.

581 1277 928 1340 compluribus
950 1275 1094 1326 locis.
1128 1276 1294 1327 Lamo.

649 1355 746 1402 189
777 1351 878 1402 Hic
908 1351 990 1403 ubi
1016 1353 1166 1402 lenior
1194 1357 1288 1416 cst,
1329 1351 1438 1417 θα]
1489 1353 1639 1404 Ordo

582 1436 694 1480 est:
731 1430 862 1480 Cum
881 1436 1054 1480 tamen
1071 1431 1177 1492 hic,
1193 1445 1380 1495 nempe
1401 1431 1640 1494 inssterra,

581 1505 670 1554 ubi
694 1504 861 1555 lenior
891 1511 992 1566 est,
1023 1507 1200 1569 qnam}
1218 1506 1272 1555 in
1311 1506 1522 1570 regione
1553 1507 1641 1557 aii·

581 1595 691 1642 rea,
719 1587 775 1630 et
815 1581 870 1628 in
913 1581 1142 1643 partibus
1174 1582 1350 1633 mnndi
1383 1584 1639 1648 supernis,

555 1673 562 1678 ’
583 1654 794 1706 arbores
811 1656 942 1704 altas
959 1655 1210 1707 radicitus
1225 1659 1432 1710 evellet.
1453 1661 1468 1688 ‘
1487 1659 1639 1709 Cum’

571 1729 751 1793 junxit
771 1743 889 1780 enm
908 1731 1191 1782 indicativo
1213 1750 1226 1784 z
1261 1734 1399 1798 quod
1417 1735 1494 1784 M.
1517 1736 1639 1784 Tul·

585 1805 656 1856 lio
677 1811 733 1856 et
746 1807 891 1856 bonis
911 1809 1514 1874 scriptoribus‘usitatum
1527 1820 1607 1861 cst
1623 1827 1640 1874 ς

593 1885 804 1934 tametsi
819 1897 970 1934 secus
985 1885 1250 1936 existimet
1261 1887 1640 1950 vulgamus-11.

650 1975 743 2022 141
779 1972 908 2021 Sunt
943 1974 1296 2039 etiamfiuctus,
1317 1975 1424 2039 ξω]
1455 1977 1510 2026 Si
1527 1978 1642 2028 haec

585 2049 758 2100 omnia
778 2049 1112 2116 displiceant,
1133 2053 1345 2103 tandem
1377 2053 1642 2118 concipias

590 2127 764 2177 aerem
792 2134 1034 2194 tanquam
1060 2138 1260 2180 vastum
1283 2145 1442 2196 mare,
1463 2132 1516 2181 in
1541 2145 1643 2197 quo

586 2203 769 2252 nubila
802 2205 903 2255 sint
947 2203 1165 2266 fluctus3
1192 2208 1280 2257 illa
1313 2208 1517 2258 demum
1537 2211 1643 2258 col·

587 2277 742 2342 lidas,
763 2286 819 2329 et
841 2280 1166 2344 illum‚quem
1191 2283 1241 2331 in
1265 2285 1395 2331 mari
1419 2291 1643 2335 aestuoso

575 2354 770 2416 sentis,
793 2355 846 2404 in
867 2356 987 2405 aere
1011 2358 1206 2406 senties
1239 2357 1518 2422 fragorem.
1540 2375 1641 2413 νει.

587 2433 644 2479 3.
681 2431 872 2480 creceii.

663 2512 758 2558 142
795 2509 934 2563 Quod
953 2508 1177 2574 idemfit]
1221 2510 1354 2560 Nam
1399 2511 1451 2559 in
1479 2508 1641 2562 flumi-

582 2584 733 2634 nibus
753 2585 954 2647 magnis
977 2586 1148 2649 magni
1181 2601 1324 2652 saepe
1342 2583 1529 2638 fluctus
1551 2605 1640 2638 ex-

583 2660 829 2709 citantur.
860 2661 1029 2710 Lcmb.

650 2742 745 2787 144
778 2738 866 2788 Fit
888 2753 1082 2802 qnoque,
1102 2739 1178 2788 uti
1199 2753 1226 2788 e
1245 2739 1388 2804 nube]
1421 2739 1508 2791 Ita
1531 2747 1638 2793 vet.

582 2812 722 2863 libri.
757 2813 910 2878 Vulg.
949 2815 1048 2865 ubi.
1081 2815 1259 2866 Gifan.
1327 2817 1411 2866 Fit
1443 2832 1637 2881 quoque,

582 2889 666 2938 nbi
702 2903 730 2938 e
769 2889 910 2940 nube.
977 2891 1064 2940 Sic
1106 2893 1428 2954 legendum:
1464 2900 1519 2943 et
1562 2894 1641 2944 ita

581 2964 780 3014 habent
822 2966 942 3014 libri
978 2981 1154 3016 omnes
1195 2976 1252 3018 et
1286 2984 1545 3020 manuscr.
1583 2973 1639 3020 et

583 3041 722 3103 vulg.
789 3043 866 3092 Eo
887 3041 1028 3106 dico,
1046 3045 1181 3108 quod
1208 3045 1294 3094 alii
1313 3045 1448 3095 hunc
1464 3047 1639 3096 locum

583 3117 957 3181 depravarunt,
979 3119 1064 3184 qui
1089 3117 1387 3183 ediderunt,
1414 3121 1494 3171 Fit
1527 3138 1641 3186 quo-

581 3208 671 3257 que
691 3195 784 3257 nti,
812 3197 896 3258 qe.
929 3209 1045 3246 nam
1073 3210 1222 3245 versu
1247 3196 1312 3247 ab
1349 3197 1448 3246 hoc
1481 3198 1639 3247 tertio

583 3271 844 3332 particula
865 3276 940 3334 ut,
959 3287 1073 3337 quae
1109 3271 1526 3335 desiderabatur,
1547 3287 1641 3322 suo

579 3347 698 3396 loco
722 3349 931 3410 ponitur
953 3348 1007 3397 in
1039 3348 1642 3414 codicibusffemendatis‚

581 3421 682 3471 hoc
705 3423 878 3484 modo,
899 3425 1067 3485 Ignem
1102 3425 1319 3474 continuo
1331 3439 1353 3483 ,·
1379 3430 1434 3474 nt
1471 3441 1642 3487 magno

580 3503 781 3550 clamore
801 3501 1024 3551 trucidet.
1050 3501 1229 3551 Lamb.
1263 3501 1489 3552 Quidam
1516 3503 1640 3551 Phi-

581 3575 784 3639 losophi
809 3577 1097 3625 docuerunt
1130 3591 1159 3624 a
1194 3577 1358 3626 stellis
1388 3575 1445 3626 in
1477 3579 1641 3627 madi·

583 3650 703 3700 dam
725 3650 915 3701 nubem
939 3650 1318 3714 decidentibus,
1339 3657 1393 3701 et
1409 3668 1524 3704 cum
1549 3655 1641 3704 hu-

581 3735 728 3773 more
751 3726 1176 3789 colluctantibus,
1201 3728 1424 3777 stridens
1442 3730 1642 3779 tonitru

585 3801 744 3851 oriri:
779 3802 896 3851 loco
935 3801 1198 3852 stellarum
1239 3806 1510 3855 Lueretius
1537 3823 1640 3857 vss.

585 3883 637 3927 5.
672 3877 887 3928 assumit
922 3872 1094 3941 ignem
1125 3879 1446 3944 fulmineum,
1479 3882 1566 3945 qui
1612 3899 1640 3932 e

582 3955 724 4005 nube
747 3954 894 4004 arida
913 3967 1162 4004 excussus
1182 3956 1232 4005 in
1259 3956 1446 4006 nubem
1474 3957 1639 4008 humi·

583 4030 702 4079 dam
719 4037 963 4094 tanquam
982 4028 1178 4080 ferrum
1194 4033 1422 4083 candens
1439 4034 1639 4086 demer-

584 4110 758 4166 gatur.
795 4107 997 4155 Creech.

650 4180 700 4226 Ε
718 4179 860 4241 nube]
898 4179 1060 4230 Arida
1091 4181 1308 4232 scilicet.
1343 4183 1510 4237 Lamb.

587 4256 734 4386 aaz
759 4255 948 4322 unbem]
983 4257 1207 4308 Uvidam
1253 4267 1309 4311 et
1359 4261 1635 4314 madidam.

1265 443 1487 500 Nou?
1528 443 1929 496 vammum
1976 443 2053 496 m

1780 593 1871 640 145
1906 589 2056 652 Haee]
2106 589 2286 640 Nubes
2320 585 2530 638 madida
2564 592 2623 637 et
2660 581 2767 636 nvi-

1710 668 1796 718 da.
1838 669 2003 718 lamb.

1776 749 1874 794 146
1909 745 2092 805 Mag-no
2124 743 2327 792 clamore
2360 741 2589 804 trucidet]
2636 741 2769 789 'rna

1708 819 1839 868 latio
1860 826 1939 867 est
1974 820 2025 867 in
2060 831 2187 868 voce
2228 819 2455 867 clamore:
2488 816 2587 864 nisi
2628 814 2767 863 forte

1710 895 1985 958 legendum
2009 896 2077 944 sit
2110 897 2359 956 clangore.-
2394 893 2530 957 quod
2556 892 2766 956 quibus-

1710 971 1828 1021 dam
1844 971 2068 1020 videtur.
2091 971 2257 1020 Lamo.
2294 971 2486 1032 Magno
2508 983 2627 1018 cum
2652 967 2769 1016 stri·

1710 1047 1839 1096 dore
1858 1048 2151 1110 extinguat.
2188 1045 2379 1096 Θηρώ.

1778 1127 1871 1172 147
1913 1125 1981 1172 Ut
2002 1123 2193 1188 calidis]
2226 1122 2273 1172 A
2298 1121 2469 1172 simili.
2504 1121 2670 1170 Lemb-

1778 1199 1931 1262 Olim]
1965 1199 2273 1263 Aliquando.
2307 1199 2472 1248 Lamb.

1777 1280 1872 1325 1⁴8
1905 1274 2110 1338 stridit]
2123 1275 2322 1336 Stridie,
2342 1273 2551 1323 astrido
2576 1274 2639 1334 is,
2664 1278 2769 1323 ter·

1713 1351 1822 1401 tiae.
1888 1351 1977 1400 Sic
2020 1350 2157 1414 apud
2183 1350 2315 1400 Hor.
2338 1352 2447 1398 Sat.
2480 1351 2576 1399 nlt.
2606 1350 2697 1399 lib.
2717 1353 2769 1399 2.

1712 1431 1795 1478 77.
1859 1428 2128 1477 ‘stridere
2170 1433 2378 1477 secreta
2410 1425 2607 1474 divisos
2642 1439 2773 1474 aure

1714 1501 1989 1553 susurros!
2022 1502 2187 1552 Lemb-
2254 1501 2382 1552 Hor.
2404 1503 2519 1552 Sat.
2540 1507 2591 1552 2.
2612 1507 2663 1551 8.
2684 1507 2769 1551 77.

1713 1581 1730 1608 ‘
1752 1581 1881 1630 Tum
1905 1581 1957 1629 in
1985 1581 2123 1628 lecto
2152 1593 2360 1643 quoqne
2398 1578 2609 1627 videres
2638 1579 2770 1628 Stri-

1712 1658 1840 1708 dere
1870 1666 2077 1707 secreta
2114 1656 2303 1706 divisos
2339 1668 2463 1706 aure
2496 1653 2771 1705 susurros?

1717 1735 1911 1784 Creech.

1780 1814 1877 1860 149
1906 1809 2107 1860 Aridior
2129 1823 2288 1874 porro,
2308 1810 2413 1874 ξω]
2432 1809 2517 1873 Ne
2542 1809 2771 1875 aliquam

1712 1887 2079 1949 praetermittat
2124 1901 2331 1936 cansam
2372 1886 2612 1947 tonitrus,
2655 1886 2772 1948 jam

1715 1975 1818 2011 vss.
1856 1966 1905 2010 6.
1974 1962 2182 2012 Nubem
2220 1963 2385 2026 ipsam
2408 1961 2674 2025 accendit,
2711 1967 2771 2010 et

1712 2038 1957 2101 quoniam
1988 2039 2209 2102 Laurus,
2232 2039 2451 2104 aliaeqne
2476 2054 2559 2088 res
2584 2053 2773 2089 accen·

1714 2125 1785 2163 ιω
1849 2114 2130 2178 crepitant,
2176 2114 2319 2164 idem
2378 2115 2539 2165 etiam
2600 2114 2769 2163 nubes

1714 2199 1865 2254 posse
1898 2191 2186 2240 contendit.
2224 2191 2417 2240 Creech.

1778 2266 1971 2330 Accipit
1990 2267 2172 2330 ignem]
2202 2267 2289 2316 Sic
2312 2278 2430 2331 sup.
2450 2266 2652 2316 locutus
2686 2271 2775 2316 est

1716 2348 1765 2392 5.
1788 2347 1903 2392 608.
1972 2345 1990 2377 ⁴
2012 2343 2273 2408 Accipere
2306 2358 2372 2392 ex
2404 2357 2507 2393 una
2538 2342 2775 2393 scintille

1714 2419 1957 2469 incendia
1979 2419 2210 2484 passim!
2240 2421 2409 2470 [Δηώ.

1782 2499 1876 2544 151
1910 2495 2237 2559 Lanu-icomos]
2270 2496 2452 2546 Lauris
2472 2495 2693 2547 vestitos
2714 2502 2775 2545 et

1716 2576 2011 2633 coopertos.
2044 2571 2210 2620 Lamb.

1782 2650 1876 2696 152
1932 2647 2139 2698 Turbine
2194 2647 2463 2710 ventorum]
2515 2649 2777 2714 Ξυστροφῇ·

1712 2720 1911 2783 ἆνέμων.
1974 2723 2063 2773 Sic
2085 2723 2224 2772 enim
2247 2724 2627 2786 interpretatur
2649 2740 2772 2775 auc-

1713 2806 1797 2850 tor
1829 2799 2143 2850 vocabularii
2177 2800 2592 2864 Latino-Graeci,
2625 2813 2774 2866 saepe

1716 2891 1747 2924 a
1769 2890 1851 2925 me
1874 2877 2282 2926 commemorati.
2314 2876 2481 2927 Lamo.

1780 2955 1875 3001 153
1911 2953 2015 3000 Nec
2047 2965 2125 3001 res
2153 2953 2251 3000 nlla
2281 2953 2459 3018 magis]
2496 2953 2515 2982 ‘
2540 2953 2774 3004 Laurus'

1714 3025 1910 3091 (inquit
1934 3029 2070 3078 Plin.
2092 3027 2181 3080 lib.
2201 3033 2280 3078 15.
2296 3043 2413 3093 cap.
2426 3028 2545 3094 ult.)
2578 3030 2595 3058 ⁶
2610 3031 2773 3080 mani-

1713 3099 1850 3150 festo
1873 3102 2087 3152 abdicat
2106 3103 2271 3166 igneis
2304 3105 2529 3168 crepitu,
2562 3111 2619 3154 et
2648 3119 2773 3170 qna·

1714 3177 1833 3226 dam
1844 3178 2207 3242 detestatione,
2218 3181 2601 3230 interaneorum
2612 3182 2775 3231 etiam

1716 3254 1843 3304 vitia
1858 3255 1999 3318 ligno
2019 3260 2308 3320 torquente.
2349 3256 2613 3305 Tiberium
2631 3257 2775 3321 prin·

1716 3331 1885 3395 cipem
1909 3337 2123 3381 tonante
2146 3333 2279 3381 caelo
2300 3333 2539 3381 coronari
2566 3347 2630 3382 ea
2652 3334 2775 3382 soli·

1716 3413 1827 3457 tum
1854 3406 2029 3458 ferunt
2056 3405 2239 3458 coiitra
2260 3405 2525 3457 fulminum
2560 3407 2775 3458 metus?

1714 3484 1888 3534 Lcmb.

1780 3562 2014 3625 Delphica
2034 3561 2214 3624 uum]
2234 3563 2357 3612 Duo
2376 3559 2554 3611 laurus
2578 3574 2775 3626 genera

1716 3640 1992 3690 tradidisse
2034 3640 2291 3690 Catonem
2346 3639 2529 3689 scribit
2584 3639 2775 3688 eodem

1715 3715 1831 3765 loco
1852 3713 2072 3778 Plinius,
2092 3715 2398 3778 Delphicam
2420 3721 2476 3765 et
2496 3715 2741 3777 Cypriam
2754 3731 2772 3765 ε

1718 3789 2041 3854 Pompeium,
2064 3791 2302 3839 Lenaeam
2318 3789 2595 3853 adjecisse,
2616 3803 2775 3853 qnam

1712 3867 1729 3896 ‘
1754 3865 2063 3916 mustacem'
2086 3864 2403 3930 appellavit3
2440 3864 2532 3914 sed
2554 3865 2660 3914 dici
2684 3879 2775 3928 po—

1717 3949 1839 4000 test,
1861 3942 2094 3991 ‘laurum
2115 3941 2422 4006 Delphicam
2437 3940 2453 3964 '
2478 3955 2509 3990 a
2525 3942 2773 3991 Lucretio

1714 4016 1989 4081 appellari,
2036 4018 2185 4081 quasi
2231 4015 2579 4080 Apollineam,
2628 4018 2775 4080 quod

1714 4094 1945 4158 Apollini
1983 4093 2241 4157 Delphico
2278 4105 2431 4142 sacra
2466 4092 2553 4142 sit.
2598 4091 2771 4145 Lamb-

1715 4171 1912 4220 Laurus
1933 4166 2209 4219 manifesto
2232 4168 2445 4217 abdicat
2472 4168 2621 4232 ignes
2656 4183 2775 4218 cre-

1713 4247 1848 4310 pitu.
1912 4247 2037 4296 Duo
2074 4246 2184 4309 ejus
2210 4257 2403 4309 genera
2424 4243 2589 4292 tradit
2612 4243 2767 4304 Cato,

1712 4321 2018 4386 Delphicam
2032 4327 2091 4372 et
2106 4320 2351 4386 Cypriam
2366 4332 2381 4373 t
2408 4318 2611 4376 Plinius
2625 4319 2771 4373 Hist.
