3200 4959
648 422 822 489 1644

709 585 810 632 6⁰8
841 580 1068 632 Subdita
1085 582 1208 632 hane
1231 583 1496 648 stimulum]
1543 585 1701 636 Hunc

649 657 911 706 stimulum
964 657 1161 708 timoris
1208 661 1388 710 subter
1439 661 1700 710 admovet.

539 781 552 790 ,
649 732 816 781 Lomb.

713 809 938 857 sabatrae
965 809 1152 858 timoris
1186 811 1430 860 stimulum
1465 812 1625 875 aliqua
1646 812 1706 860 de

643 885 806 948 purte]
835 885 923 932 Sic
959 885 1092 932 enim
1132 887 1242 934 baec
1268 884 1429 935 verba
1449 888 1704 936 collocan-

650 959 742 1018 da3
775 959 807 1007 i.
831 973 880 1008 e.
904 959 1282 1023 quodammodo
1303 967 1470 1010 terret
1504 977 1586 1024 ne,
1609 965 1705 1013 διο.

656 1035 826 1084 Faber.

713 1116 810 1161 604
848 1113 926 1162 Ne
943 1113 1140 1176 pedibus
1173 1115 1368 1178 raptim,
1390 1115 1494 1179 ξω]
1543 1115 1631 1166 Sic
1654 1120 1701 1170 1.

653 1191 796 1238 1⁰99.
831 1189 1130 1253 ‘Terraque
1162 1205 1216 1239 se
1252 1191 1470 1253 pedibus
1513 1193 1705 1255 raptim

650 1264 939 1324 subducat,'
969 1268 1068 1316 διο.
1104 1267 1269 1318 Lumb.

715 1346 812 1391 607
848 1344 992 1393 Nunc
1021 1343 1150 1392 ratio
1179 1344 1441 1407 reddunda]
1487 1345 1594 1394 Cur
1630 1351 1711 1394 tot

649 1416 819 1467 fluviis
843 1420 894 1467 in
940 1434 1080 1468 mare
1119 1421 1536 1483 decurrentibus,
1567 1434 1710 1468 mare

652 1503 822 1545 tamen
845 1497 1004 1546 nihilo
1022 1499 1183 1561 majus
1203 1497 1313 1560 fiat,
1337 1499 1608 1562 quaesitum
1628 1503 1711 1546 est

650 1569 718 1619 ab
742 1573 981 1635 antiquis,
1017 1579 1150 1621 teste
1193 1571 1411 1622 Aristot.
1443 1574 1533 1623 lib.
1555 1579 1606 1623 2.
1628 1591 1708 1634 με·

650 1661 786 1708 remp.
830 1647 975 1708 quus
1009 1648 1120 1696 baec
1167 1649 1322 1697 verba
1365 1656 1516 1698 sunt:
1573 1647 1639 1696 'rb
1658 1647 1709 1698 δὲ

651 1711 814 1782 (univ
831 1720 920 1778 rhu
939 1721 1139 1784 ἀρχαίαν
1153 1721 1362 1786 ἀπορίαν,
1383 1724 1459 1773 διὰ
1477 1723 1525 1772 τί
1540 1725 1708 1790 τοσοῦ·

647 1815 732 1845 τον
745 1799 921 1856 πλῆθος
938 1798 1101 1848 ὕδατος
1120 1800 1319 1859 οὐδαμοῦ
1333 1798 1565 1862 φαίνεται,
1579 1801 1709 1865 (καθ’

651 1871 858 1932 ἑκάστην
897 1875 991 1938 γὰρ
1038 1875 1214 1938 ἡμέραν
1249 1879 1470 1936 ποταμῶν
1511 1877 1709 1938 ῥεόντων

648 1949 982 2014 ἀναριθμήτων,
1007 1951 1084 2000 καὶ
1098 1952 1156 2001 τὸ
1169 1950 1367 2014 μέγεθος
1380 1951 1615 2016 &rae-mv,
1630 1953 1705 2002 οὐ·

647 2027 728 2076 &zv
751 2028 782 2088 ἦ
803 2028 1015 2078 θάλαττα
1029 2029 1212 2090 ’γίνεται
1231 2030 1603 2094 πλείων,)ζτοῦτο
1629 2032 1705 2081 οὗ·

648 2102 728 2152 δὲν
735 2103 822 2162 μὲν
831 2104 1007 2154 ἄτοπον
1016 2105 1248 2168 ἀπορῆσαί
1255 2125 1404 2169 τινας,
1421 2107 1476 2155 οὗ
1486 2106 1580 2167 μὴν
1591 2106 1705 2154 ἄπο·

648 2178 882 2241 βλέψαντί
907 2199 968 2242 ’γε
996 2181 1212 2242 χαλεπὸν
1241 2181 1368 2230 Ξδεῖν.
1390 2181 1449 2230 τὸ
1482 2181 1576 2246 ’γὰρ
1594 2181 1708 2230 αὐτὸ

648 2257 825 2312 πλῆθος
847 2253 1010 2304 ὕδατος
1027 2255 1091 2306 εἷς
1110 2255 1292 2306 πλάτος
1308 2276 1364 2306 τε
1381 2256 1613 2320 διαταθὲν,
1630 2257 1710 2306 καὶ

650 2329 828 2392 ἀθρόον,
850 2331 934 2378 οὐκ
965 2331 1014 2378 ἐν
1049 2331 1135 2392 ἴσῳ
1165 2331 1318 2394 χρόνῳ
1340 2331 1709 2396 ἀναξηραίνεται,

648 2405 776 2454 ἀλλὰ
787 2405 989 2468 διαφέρει
996 2408 1238 2469 τοσοῦτον,
1249 2407 1434 2456 &ou-eri)
1441 2406 1529 2466 μὲν
1534 2410 1707 2468 διαμεῖ-

650 2501 724 2532 ναι
744 2484 803 2533 ἀν
817 2483 936 2541 ὅλην
949 2483 1038 2542 τὴν
1052 2481 1240 2545 ἡμέραν,
1261 2483 1320 2531 τὸ
1336 2483 1396 2544 δ’,
1416 2484 1571 2548 ὥσπερ
1599 2484 1709 2534 εἴτις

650 2558 727 2606 ἐπὶ
744 2555 983 2621 τράπεζαν
999 2556 1215 2618 μεγάλην
1233 2557 1526 2621 περιτείνειεν
1543 2557 1710 2609 ὕδατος

649 2632 837 2695 κύαθον,
873 2632 969 2692 ἅμα
1001 2631 1326 2694 διανοουμένοις
1348 2634 1406 2682 ἃν
1436 2632 1708 2695 ἀφανισθείη

652 2711 760 2759 πᾶν.
783 2709 810 2758 ὃ
833 2710 889 2768 δὴ
913 2708 1106 2773 καὶπερὶ
1126 2708 1236 2760 τοὺς
1255 2708 1489 2771 ποταμοὺς
1510 2714 1707 2771 συμβαί-

650 2803 738 2835 νει.
764 2790 974 2848 συνεχῶς
988 2785 1076 2846 μὲν
1093 2785 1188 2848 γὰρ
1208 2785 1404 2848 ῥεόντων
1424 2785 1613 2848 ἀθρόων,
1634 2785 1709 2836 ἀεὶ

650 2861 708 2910 τὸ
745 2861 1075 2923 ἀφικνούμενον
1118 2860 1183 2910 εἷς
1221 2861 1377 2922 ἀχανῆ
1405 2861 1483 2910 καὶ
1519 2860 1709 2911 πλατὺν

648 2936 798 2987 τόπον
837 2935 1184 3000 ἀναξηραίνεται
1223 2936 1354 2998 ταχὺ
1389 2937 1467 2986 καὶ
1504 2937 1704 2996 ἀδήλως.

653 3013 687 3062 i.
710 3028 759 3062 e.
808 3015 823 3041 ‘
853 3015 1098 3064 Quaerere
1123 3021 1294 3062 autem
1330 3013 1402 3075 id,
1426 3013 1492 3060 de
1514 3028 1616 3076 quo
1641 3015 1706 3063 ab

631 3087 878 3152 ¹antiquis
916 3087 1206 3137 dubitatum
1247 3095 1346 3149 est,
1376 3091 1705 3152 quamobrem

649 3172 798 3215 tanta
817 3181 965 3229 aqua·
987 3164 1265 3214 multitudo
1283 3181 1527 3230 nusquam
1547 3180 1706 3229 appa-

652 3247 785 3301 reat,
813 3241 1292 3304 (innumerabilibus
1345 3243 1482 3290 enim
1521 3249 1575 3290 et
1615 3243 1708 3290 im·

650 3315 836 3363 mensis
867 3313 1160 3364 fluminibus
1201 3317 1436 3381 quotidie
1477 3318 1528 3365 in
1565 3331 1707 3366 mare

649 3387 997 3450 influentibus,
1019 3392 1070 3439 id
1100 3391 1258 3440 nihilo
1279 3391 1338 3440 fit
1362 3392 1578 3456 majus,)
1610 3393 1707 3440 hoc

651 3465 860 3530 quidem
887 3479 987 3513 non
1008 3473 1087 3514 est
1105 3466 1403 3528 absurdum,
1421 3468 1462 3515 si
1480 3469 1707 3517 nonnulli

651 3539 927 3589 dubitent:
964 3554 1064 3588 non
1091 3548 1175 3587 cst
1199 3549 1393 3599 tamen,
1414 3542 1456 3588 si
1493 3543 1606 3605 quis
1632 3549 1706 3592 at-

651 3613 852 3674 tendat,
865 3614 1113 3662 rationem
1131 3613 1543 3666 videredifficiie.
1571 3618 1705 3666 Nam

651 3687 834 3736 eadem
859 3701 1002 3749 aquoe
1043 3688 1343 3749 magnitudo
1384 3690 1434 3740 in
1465 3689 1704 3745 latitudi-

650 3777 769 3813 nem
823 3762 1096 3819 confertim
1145 3760 1328 3826 effusa,
1380 3779 1478 3812 non
1520 3767 1705 3830 aequali

651 3847 890 3900 tempore
933 3837 1148 3886 arescit:
1209 3840 1298 3886 sed
1359 3838 1458 3888 hoc
1504 3838 1705 3904 differt,

650 3914 786 3978 quod
820 3928 936 3977 pars
969 3912 1177 3975 quidem
1215 3919 1380 3962 totum
1416 3914 1551 3964 diem
1589 3933 1705 3980 per-

648 4004 862 4039 manere
914 3988 1096 4051 possit,
1138 3992 1272 4050 pars'
1296 3996 1467 4039 autem
1510 4002 1706 4054 puncto

650 4065 898 4127 temporis
915 4069 1208 4126 evanescat,
1223 4067 1440 4127 proinde
1457 4082 1518 4118 ac
1532 4068 1573 4118 si
1590 4071 1705 4133 quis

649 4157 797 4204 aquae
836 4143 1078 4206 cyathum
1117 4143 1166 4191 in
1207 4157 1440 4206 magnam
1481 4161 1705 4196 mensam

653 4216 962 4282 profuderit,
981 4232 1042 4265 ae
1079 4218 1328 4278 dilatarit,
1363 4222 1496 4285 quod
1530 4229 1585 4271 et
1620 4225 1703 4273 liic

649 4293 862 4348 accidit.
931 4293 1150 4344 Assidue
1185 4295 1320 4346 enim
1345 4301 1400 4345 et
1432 4299 1701 4349 continen-

1351 441 1568 493 ⁸0⁰1·AE
1614 441 2014 496 VARJORUM
2063 443 2144 494 m

1780 592 1879 643 ter,
1900 593 1957 636 et
1978 585 2251 636 confertim
2268 585 2601 639 influentibus
2621 587 2674 636 in
2696 602 2835 639 mare

1780 660 2094 725 fluminibus,
2115 663 2404 725 semperid,
2421 651 2556 726 quod
2574 664 2849 728 delabitur·

1780 737 1832 785 in
1859 739 2028 786 locum
2045 748 2245 787 vastum
2266 744 2322 788 et
2343 741 2523 796 latum,
2548 739 2653 786 cito
2670 749 2726 788 et
2750 740 2851 789 ob·'

1780 828 1929 862 scure
1954 814 2179 862 arescit.’
2218 814 2483 862 Hactenus
2504 814 2836 864 Aristoteles.

1780 890 1926 938 Idem
1954 891 2148 939 ibidem
2174 889 2369 938 refellit
2390 890 2696 938 sententiam
2720 890 2839 938 Pta-

1782 966 1922 1014 tonis
1943 968 1991 1013 in
2024 954 2285 1015 ‘Phaedone
2321 966 2384 1013 de
2412 967 2653 1026 Tartaro,
2685 980 2837 1029 quem

1782 1044 1869 1092 ille
1896 1053 2047 1107 putat
2073 1045 2382 1110 principium
2412 1053 2468 1092 et
2491 1042 2690 1093 Fontem
2730 1057 2838 1091 esse

1782 1122 2005 1169 omnium
2024 1135 2288 1184 aquarum.
2322 1119 2488 1169 Lamb.
2542 1119 2646 1168 Hic
2664 1133 2839 1167 versus

1784 1209 1815 1242 a
1838 1195 2143 1258 quibusdam
2168 1195 2451 1255 veteribus,
2471 1209 2623 1242 manu
2646 1193 2836 1242 forma·

1780 1283 1880 1332 que
1909 1270 2203 1332 descriptis,
2226 1271 2391 1319 abest.
2427 1269 2601 1328 Git'tm.
2642 1270 2833 1320 Quam-

1784 1348 1961 1395 obrem
1984 1363 2049 1395 ex
2069 1352 2147 1395 tot
2168 1353 2530 1410 tantorumque
2566 1343 2834 1417 fluminum

1786 1421 1835 1469 in
1862 1437 1997 1470 mare
2032 1422 2403 1470 exoneratione
2440 1435 2584 1469 mare
2619 1435 2723 1468 non
2750 1435 2838 1468 ex-

1786 1497 1965 1557 undet,
2002 1499 2110 1545 sive
2144 1513 2247 1546 non
2294 1504 2583 1556 excrescat,
2625 1510 2840 1559 respon·

1784 1571 1876 1620 det
1900 1574 2169 1621 Lucretius
2199 1587 2301 1621 vss.
2320 1577 2367 1620 8.
2431 1572 2545 1621 Ista
2568 1586 2760 1634 vorago
2784 1569 2835 1621 in

1782 1661 1934 1709 quam
1959 1646 2020 1696 fit
2038 1645 2301 1695 fluminum
2339 1645 2519 1696 effusio
2548 1653 2655 1695 tam
2692 1653 2841 1696 vasta

1783 1731 1885 1782 est,
1918 1730 1976 1772 ut
2018 1724 2181 1772 omnis
2216 1725 2417 1772 illorum
2454 1723 2703 1772 decursus
2739 1738 2840 1772 nna

1783 1814 1899 1848 cum
1951 1799 2215 1860 imbribus,
2253 1801 2387 1861 nive,
2428 1799 2698 1861 grandine,
2738 1801 2839 1847 διο.

1783 1875 1868 1922 vix
1892 1889 2041 1923 unam
2066 1881 2259 1935 guttam
2286 1873 2556 1923 infundere
2582 1874 2835 1923 videatur.

1780 1949 1987 1998 Deinde
2010 1965 2107 1997 vss.
2130 1953 2178 1999 7.
2204 1950 2279 1997 sol
2303 1964 2331 1996 e
2352 1951 2473 1997 mari
2498 1950 2601 1997 alto
2624 1951 2839 1998 multum

1777 2024 1976 2073 humori
1993 2026 2207 2076 seveliit.
2238 2026 2417 2074 Tertio
2437 2029 2599 2074 vss.4.
2622 2027 2837 2074 multum

1781 2100 1923 2148 venti
1959 2099 2218 2151 auferunt.
2287 2102 2488 2152 Quarto
2526 2117 2628 2149 vsS.
2661 2105 2712 2151 4.
2749 2116 2839 2150 nn-

1783 2178 1875 2226 bes
1904 2178 2127 2240 rapiunt.
2177 2179 2415 2242 Denique
2441 2195 2541 2229 vss.
2566 2185 2615 2228 8.
2639 2188 2697 2228 ut
2726 2181 2839 2228 Flu·

1782 2255 1850 2302 vii
1875 2255 1925 2302 in
1960 2269 2101 2304 mare
2133 2254 2432 2317 decurrunt,
2454 2255 2527 2302 ita
2564 2269 2661 2316 per
2684 2260 2837 2302 terrae

1781 2336 1979 2377 meatus
2003 2330 2067 2378 ad
2090 2328 2261 2379 fontes
2285 2345 2399 2378 suos
2422 2329 2741 2388 relabuntur,
2765 2331 2840 2378 ita

1782 2403 1842 2453 fit
1863 2405 2088 2453 humoris
2126 2405 2353 2468 ejusdem
2390 2405 2659 2468 circuitus,
2700 2404 2838 2453 ideo·

1782 2494 1882 2542 que
1918 2482 2123 2528 minime
2162 2479 2447 2527 mirandum
2483 2479 2621 2544 quod
2664 2494 2839 2544 aequor

1782 2569 1886 2604 non
1910 2562 2144 2614 augetur.
2178 2555 2369 2604 Creech.
2846 2567 2853 2574 ·

1844 2636 1943 2679 6⁰9
1979 2632 2083 2687 Quo
2122 2636 2284 2680 tantus
2300 2631 2419 2690 suat
2452 2631 2676 2679 decursus
2694 2647 2837 2694 aqua-

1779 2707 1907 2770 rum]
1944 2706 2031 2755 Sic
2054 2721 2191 2753 nunc
2226 2706 2447 2754 restitui.
2518 2707 2652 2754 Nam
2686 2707 2840 2769 vulgo

1781 2782 1992 2842 legitur,
2007 2781 2168 2844 quofit
2184 2785 2346 2829 tantus
2359 2783 2580 2829 decursus
2595 2795 2837 2842 uquarum.

1780 2856 1868 2903 alii
1908 2856 2105 2919 legunt,
2140 2857 2246 2911 Quo
2272 2857 2376 2919 fiat
2416 2862 2581 2904 tantus
2622 2858 2843 2905 decursus

1778 2945 2020 2994 aquarum.
2044 2931 2179 2994 quod
2197 2929 2435 2994 ferrinon
2456 2938 2653 2994 potest.
2672 2931 2839 2981 Lamb-

1848 3009 2055 3073 Quofiat
2074 3013 2236 3056 tantus
2259 3008 2498 3070 decursus]
2534 3008 2622 3056 Ita
2645 3023 2712 3056 ex
2736 3015 2839 3057 vet.

1778 3083 1926 3132 libris
1959 3083 2163 3146 scripsi.
2232 3084 2367 3131 Nam
2405 3091 2459 3132 et
2481 3097 2623 3146 mox,
2644 3099 2734 3146 quo
2764 3099 2839 3132 ve·

1781 3161 1932 3210 uiant.
1998 3160 2243 3224 Vulg.fit.
2278 3158 2459 3209 Gifan.

1846 3235 2087 3283 Dec-ursus
2128 3234 2381 3298 aquarum]
2444 3235 2740 3297 Translate,
2784 3239 2838 3284 et

1782 3315 1954 3358 tamen
1981 3311 2169 3359 usitate
2198 3310 2395 3359 dictum
2418 3316 2519 3358 est.
2544 3310 2619 3357 sic
2656 3314 2705 3359 1.
2726 3313 2838 3359 284.

1780 3386 1795 3412 ‘
1826 3385 2091 3434 Montibus
2114 3399 2177 3433 ex
2205 3385 2323 3434 altis
2349 3399 2563 3448 magnus
2585 3385 2841 3435 decursus

1782 3459 1969 3523 aquai,'
1988 3462 2083 3508 διο.
2116 3459 2282 3507 Lamb.

1844 3540 1943 3584 610
1979 3535 2154 3583 Omnia
2176 3551 2263 3598 quo
2284 3535 2479 3584 veniant
2498 3549 2561 3582 ex
2581 3533 2711 3582 omni
2734 3535 2839 3598 fla-

1780 3611 1933 3674 mina]
1998 3611 2169 3673 Supra
2208 3615 2253 3660 1.
2293 3615 2439 3659 1031.
2502 3613 2520 3638 ⁸
2545 3609 2742 3673 Efficit,
2781 3617 2838 3660 ut

1781 3688 1936 3750 largis
1981 3687 2185 3734 avidum
2231 3701 2371 3734 mare
2423 3683 2645 3733 fluminis
2688 3685 2839 3734 undis

1780 3759 2054 3826 Integrent
2071 3761 2280 3824 amnes,'
2310 3765 2411 3810 διο.
2478 3761 2567 3810 Sic
2590 3761 2768 3809 Plaut.
2784 3755 2851 3809 in'

1779 3841 1989 3890 Trucul.
2026 3845 2072 3889 2.
2105 3844 2155 3889 7.
2182 3845 2265 3889 12.
2298 3841 2313 3868 ‘
2337 3841 2471 3888 Nam
2495 3840 2593 3887 hoc
2615 3839 2837 3888 assimile

1780 3925 1879 3976 est,
1898 3917 2039 3980 qtiasi
2070 3917 2137 3964 de
2175 3914 2335 3964 fluvio
2366 3915 2453 3978 qui
2479 3929 2664 3977 aquam
2703 3914 2837 3963 deri-

1781 4002 1870 4041 vat
1894 3993 2009 4040 sibi.
2077 3991 2194 4040 Nisi
2216 3991 2499 4050 derivetur,
2532 3997 2707 4039 tamen
2728 4005 2836 4038 om-

1781 4070 1859 4116 nis
1880 4083 1941 4117 ea
1960 4082 2092 4132 aqua
2109 4067 2264 4115 abeat
2287 4067 2337 4113 in
2360 4078 2517 4114 mare.
2586 4066 2723 4113 Nam
2742 4067 2837 4116 hoe

1778 4146 1831 4193 in
1864 4158 2007 4192 mare
2052 4143 2181 4202 abit,
2222 4141 2511 4203 misereque
2551 4141 2692 4202 perit
2727 4141 2835 4188 sine

1778 4220 1915 4268 oumi
1952 4219 2084 4266 bona
2123 4215 2328 4278 gratia?
2380 4216 2613 4278 sequitur
2657 4217 2849 4278 paucis

1778 4303 1894 4360 post
1918 4293 2123 4348 ‚vet-bis:
2172 4293 2189 4322 ‘
2212 4290 2545 4346 Meretricem
2574 4305 2675 4353 ego
2710 4292 2830 4342 item
