3200 4959
614 394 683 440 τ.
727 392 1086 441 Lucun'rn
1133 392 1313 445 osni
1363 392 1460 439 nn
1507 394 1771 443 nauum
1822 392 1999 443 ΝΑΤ.
2046 396 2191 445 mn.
2238 397 2337 447 w.
2423 376 2597 449 1417

410 542 518 586 tor:
549 533 600 583 in
619 534 764 583 Tett.
785 540 844 585 et
869 532 1056 585 Faiirn.
1090 532 1468 597 Effigereerro·

411 625 512 671 res,
545 610 800 672 munitusque
834 614 1200 673 premittentes·
1216 626 1232 658 .-
1265 609 1316 657 iu
1337 608 1466 657 Ber·

419 686 514 735 tin.
582 686 814 749 Effugere
845 700 1069 749 errorem,
1089 686 1326 749 vitareque
1343 700 1466 749 pm-

414 767 677 811 muma-
695 778 713 811 .·
767 763 818 810 in
862 764 1074 813 Memm.
1132 762 1366 827 Effugere
1393 778 1468 813 er-

413 850 538 899 rore,
557 837 794 900 vitareque
819 843 1194 900 pra-manenter.
1231 838 1349 888 cod.
1389 848 1468 903 ty-

417 914 500 975 pis
537 914 792 977 impressi,
824 914 990 964 Paris.
1022 920 1080 965 et
1110 916 1297 965 Venet-
1339 916 1469 965 anti-

416 988 526 1052 qui,
559 987 792 1052 Effugere
823 1004 1046 1053 errorem,
1079 990 1320 1055 vitareque
1347 1006 1470 1055 prce·

413 1064 707 1113 meditemur.
740 1064 904 1115 ceteri
927 1066 1120 1129 vulgati
1143 1066 1218 1115 ita
1239 1067 1471 1128 corrupti

417 1146 559 1203 sunt,
583 1148 642 1189 ut
664 1140 840 1204 pigeat
867 1156 948 1193 me
985 1142 1196 1192 referre.
1259 1143 1346 1192 Sic
1375 1144 1472 1207 igi·

417 1221 508 1263 tur
541 1229 756 1279 repono,
793 1218 926 1267 Illud
957 1220 1012 1267 iu
1037 1218 1112 1267 his
1138 1218 1274 1267 rebus
1301 1218 1474 1269 vitium

418 1291 730 1353 vehementem
763 1298 812 1343 et
831 1294 974 1342 &tam
997 1292 1227 1357 Effugere
1257 1308 1476 1358 errorem,

419 1369 662 1432 vitareque
685 1372 1058 1433 praemditotor,
1071 1372 1154 1433 &m
1189 1373 1222 1419 i.
1243 1384 1290 1420 e.
1311 1371 1476 1420 multo

423 1450 549 1493 ante
571 1444 844 1494 meditator
875 1446 929 1494 in
959 1445 1036 1494 his
1073 1448 1225 1496 rebus
1259 1446 1384 1495 iliud
1409 1446 1476 1494 vi·

425 1521 575 1581 tium,
593 1520 847 1584 istumque
891 1534 1120 1571 errorem
1159 1519 1388 1585 effugere
1413 1536 1476 1571 ac

425 1596 614 1657 vitare,
649 1610 718 1645 ne
759 1597 962 1645 scilicet
1001 1595 1184 1656 facias,
1217 1612 1349 1647 neve
1389 1612 1479 1648 ex-

427 1671 640 1733 istimes,
681 1673 854 1721 oculos
891 1672 1006 1736 ejus
1049 1673 1126 1722 rei
1159 1674 1330 1735 gratia
1361 1688 1478 1725 esse

429 1754 650 1804 creatos,
681 1754 742 1797 ut
779 1762 1086 1810 cernamus;
1119 1763 1266 1797 suras
1301 1755 1358 1799 et
1391 1764 1480 1814 pe·

429 1822 542 1883 des,
565 1828 626 1871 nt
647 1823 1000 1885 ambulemus;
1035 1823 1248 1873 brachia
1285 1830 1340 1873 et
1375 1838 1480 1873 ma-

427 1914 524 1951 nns
571 1901 636 1949 ad
679 1915 742 1951 ea
781 1900 1038 1963 facienda,
1075 1916 1188 1966 qum
1223 1902 1290 1951 ad
1323 1904 1480 1952 vitam

429 1976 535 2025 sint
555 1976 725 2038 utilia,
761 1980 858 2025 ὅτε.
923 1978 1040 2027 Non
1075 1978 1210 2027 enim
1251 1980 1484 2027 membra

430 2058 526 2103 ant
555 2054 826 2116 quicquam
867 2054 1066 2102 omuino
1097 2054 1154 2101 in
1181 2055 1485 2117 corporibus

429 2124 624 2175 nostris
641 2134 816 2175 natum
841 2134 938 2189 est,
959 2132 1016 2175 nt
1039 2140 1102 2177 eo
1126 2133 1368 2177 utamur:
1395 2128 1485 2176 sed

433 2216 500 2251 ex
523 2216 588 2252 eo
609 2203 748 2267 quod
785 2210 962 2252 natum
999 2210 1101 2261 est,
1139 2203 1490 2267 proficiscitur

433 2294 574 2327 nsns.
621 2280 810 2343 Neque
833 2278 970 2327 enim
983 2279 1226 2329 viderunt
1243 2280 1490 2343 homines,

435 2362 557 2405 ante
595 2370 747 2418 quam
785 2356 962 2404 oculos
1005 2370 1036 2403 a
1073 2362 1258 2406 natura
1299 2355 1490 2405 habue-

436 2437 576 2493 runt,
585 2446 754 2494 neque
771 2438 894 2480 ante
909 2431 1166 2480 orationes
1185 2431 1488 2495 habuerunt,

439 2514 531 2557 ant
551 2508 758 2555 omnino
778 2505 938 2555 locuti
957 2510 1096 2567 sunt,
1131 2518 1282 2570 qnam
1313 2507 1501 2569 lingua·

437 2589 616 2631 creata
637 2588 717 2630 est
733 2598 750 2631 ι
787 2580 880 2630 sed
903 2588 1088 2630 contra
1113 2586 1169 2629 et
1189 2580 1324 2629 oculi
1343 2582 1493 2643 prius

439 2656 606 2705 creati
641 2662 782 2714 sunt,
820 2670 974 2720 qnam
1015 2656 1284 2720 quicquam
1317 2669 1496 2705 cerne-

443 2738 585 2794 rent,
627 2738 685 2781 et
705 2733 878 2795 lingua
903 2732 1044 2795 prins
1061 2739 1186 2782 nata
1207 2738 1306 2793 est,
1343 2746 1496 2795 quam

443 2812 586 2875 loqui
609 2817 798 2873 posset.
866 2809 1022 2862 Quod
1059 2809 1102 2857 si
1121 2807 1172 2857 id
1219 2822 1393 2858 verum
1417 2822 1494 2857 es·

446 2894 550 2949 set,
583 2887 716 2951 quod
747 2886 953 2951 qnidam
975 2886 1310 2948 arbitrantur,
1343 2899 1498 2933 mem-

443 2962 539 3011 bra
569 2976 686 3012 esse
721 2969 916 3025 creata,
947 2970 1007 3011 ut
1045 2960 1120 3010 eis
1157 2972 1500 3018 cerneremus,

444 3036 762 3097 audiremus,
817 3034 1211 3092 fabricat-emur,
1269 3034 1502 3084 ambula-

447 3124 638 3173 remus,
691 3118 792 3161 «sce.
837 3119 1150 3177 seqneretur
1195 3126 1258 3159 ex
1295 3124 1378 3173 eo,
1408 3125 1503 3161 nos

447 3194 502 3236 et
545 3189 708 3250 prius,
767 3200 918 3251 quam
952 3188 1130 3235 oculos
1173 3185 1500 3249 haberemus,

449 3277 684 3325 cernere,
721 3270 778 3311 et
811 3263 922 3311 sine
943 3263 1174 3311 manibus
1195 3262 1390 3325 fingere
1412 3268 1504 3313 unt

449 3340 686 3403 pingere,
729 3345 786 3387 et
827 3339 938 3387 sine
983 3338 1202 3401 pedibus
1241 3337 1503 3387 ambulare

451 3414 695 3477 potuisse.
763 3414 898 3462 Nam
923 3413 1162 3478 quicquid
1187 3412 1405 3478 aiicujus
1428 3414 1504 3463 rei

451 3488 514 3537 fit
552 3490 738 3553 gratio,
779 3488 832 3537 id
867 3503 930 3538 ea
967 3504 1045 3551 re,
1081 3488 1228 3552 cujus
1252 3488 1327 3537 rei
1350 3502 1506 3538 cansa

451 3574 801 3628 comparatur,
832 3564 1088 3626 posterius
1123 3568 1206 3613 est
1225 3570 1462 3627 tempore
1487 3580 1503 3613 t

452 3647 514 3689 nt
557 3642 726 3689 iectus
787 3638 1074 3689 dormiendi
1115 3646 1172 3689 et
1207 3640 1508 3704 quiescendi

453 3729 610 3766 eausa
642 3714 818 3765 factus
859 3722 973 3776 est3
1016 3717 1256 3779 poculum
1294 3716 1508 3767 bibendi

453 3807 608 3841 cansa
631 3800 986 3853 comparatum
1003 3797 1114 3852 est3
1137 3806 1315 3855 parma
1335 3798 1512 3855 tegen-

457 3868 510 3917 di
531 3866 764 3929 corporis
789 3872 843 3915 et
873 3867 1101 3916 vitandae
1139 3867 1306 3931 plagae
1345 3870 1514 3929 gratia

456 3950 670 4006 reperta
691 3947 792 3991 est.
817 3948 872 3989 at
895 3942 1035 4005 prins
1059 3956 1210 4005 quam
1245 3943 1384 4005 lecti,
1423 3958 1514 4007 po-

457 4019 593 4079 culo,
631 4030 824 4081 parmai
849 4022 1043 4077 essent,
1083 4022 1139 4064 et
1160 4016 1516 4081 quiescebant,

459 4101 514 4142 et
535 4092 806 4149 bibebant,
847 4098 902 4141 et
937 4093 1140 4154 plagam
1175 4092 1409 4143 vitabant
1430 4094 1519 4143 ho-

461 4168 645 4217 mines.
712 4169 842 4217 Cum
866 4168 1024 4229 igitur
1043 4180 1210 4229 neque
1229 4174 1350 4217 ante
1367 4183 1518 4233 quam

467 4245 600 4295 oculi
633 4250 810 4295 essent
850 4242 1032 4306 creati,
1069 4255 1319 4307 cernere3
1351 4258 1518 4311 neque

1539 540 1661 583 ante
1704 533 1893 597 pedum
1938 534 2209 599 originem,
2250 551 2433 601 passus
2475 554 2597 605 pro·

1541 607 1710 671 fen-03
1730 624 1897 675 neque
1918 618 2036 661 ante
2050 627 2231 662 manus
2248 614 2433 679 factas,
2452 615 2597 680 quic·

1540 698 1693 747 quam
1748 692 2076 737 contrectare
2121 690 2385 752 potuerint
2438 690 2599 741 bomi-

1540 774 1665 822 nes;
1698 759 1883 810 falsum
1922 768 2003 811 est
2034 768 2093 812 et
2122 764 2295 813 oculos
2326 765 2594 830 cernendi,

1541 846 1598 885 et
1634 838 1789 901 pedes
1820 837 2133 902 ambulandi,
2168 846 2223 889 et
2260 854 2439 891 manus
2472 855 2596 893 con-

1544 914 1806 965 trectandi
1845 930 2001 965 caiisa
2038 930 2150 966 esse
2182 916 2364 969 factas.
2427 918 2601 971 Aliter

1543 990 1837 1041 sentiebant
1872 991 2055 1054 Stoici,
2092 1000 2151 1040 nt
2173 991 2339 1042 refert
2363 994 2441 1045 M.
2460 996 2595 1047 Tau.

1541 1067 1634 1117 lib.
1658 1070 1707 1116 Ι.
1740 1067 1808 1116 de
1830 1067 1944 1116 Fin.
1979 1068 2130 1117 ‘Jam
2166 1069 2525 1133 membrorum,
2558 1074 2599 1123 i.

1545 1155 1593 1191 e.
1640 1141 1861 1205 partium
1910 1143 2164 1207 corporis,
2214 1144 2317 1193 aiia
2360 1145 2602 1197 videntur

1547 1222 1768 1281 propter
1810 1230 1987 1266 eornm
2028 1232 2174 1267 usum
2210 1232 2241 1267 a
2272 1224 2463 1271 nutura
2484 1235 2603 1272 esse

1549 1294 1760 1357 donata,
1780 1303 1841 1344 nt
1862 1310 2057 1359 manus,
2078 1310 2246 1360 crura,
2271 1298 2450 1359 pedes,
2470 1306 2522 1349 et
2540 1312 2606 1349 ea

1549 1384 1666 1434 qum
1710 1377 1831 1419 sunt
1866 1370 2007 1420 intus
2044 1372 2095 1421 in
2128 1386 2366 1435 corpore,
2390 1388 2607 1437 qnorum

1551 1446 1749 1496 utilitas
1771 1454 1965 1510 quanta
2000 1448 2091 1510 sit,
2127 1460 2159 1495 a
2192 1446 2407 1496 medicis
2430 1448 2607 1512 dispu-

1553 1528 1728 1582 tatnr3
1774 1522 1874 1570 alia
1906 1528 2077 1571 antem
2113 1523 2302 1572 nnllam
2326 1523 2393 1573 ob
2416 1523 2609 1573 utilita-

1553 1602 1677 1657 tem,
1702 1595 1849 1658 qnasi
1884 1594 1951 1643 ad
1984 1596 2238 1659 quendam
2272 1604 2529 1659 ornatum,
2548 1602 2611 1648 nt

1552 1668 1716 1719 cauda
1770 1670 1977 1733 pavoni,
2032 1670 2219 1734 piumoe
2277 1673 2609 1723 versicolores

1552 1747 1816 1810 columbis,
1848 1749 1969 1798 viris
1990 1764 2225 1799 mammae
2244 1757 2403 1815 atque
2416 1750 2613 1802 barba?

1555 1823 1709 1872 Hanc
1725 1828 1895 1873 autem
1913 1825 2128 1888 Epicuri
2144 1826 2437 1888 opinionem
2458 1827 2612 1877 refel-

1555 1899 1620 1947 lit
1638 1906 1693 1947 et
1709 1900 1964 1961 Lutatius,
1978 1903 2085 1949 sive
2105 1902 2423 1963 Lactantius,
2440 1903 2527 1953 lib.
2545 1903 2613 1955 de

1559 1973 1786 2038 opificio
1806 1974 1928 2036 Dei,
1956 1974 2035 2023 his
2060 1974 2258 2025 verbisz
2280 1976 2295 2003 ‘
2312 1976 2461 2026 Dixit
2478 1979 2613 2029 enlm

1558 2061 1726 2112 neque
1746 2048 1919 2097 oeulos
1944 2048 2009 2097 ad
2026 2048 2304 2099 videndum
2322 2064 2435 2101 esse
2450 2058 2619 2115 natos,

1559 2136 1727 2186 neque
1766 2124 1935 2171 aureis
1974 2122 2037 2171 ad
2083 2123 2409 2181 audiendum,
2444 2140 2617 2190 neque

1562 2198 1726 2262 pedes
1793 2198 1857 2247 ad
1928 2198 2320 2250 ambulandum:
2377 2202 2623 2266 qnoniam

1563 2272 1795 2322 membra
1828 2274 1937 2322 boec
1972 2274 2116 2337 prius
2144 2282 2267 2323 nata
2298 2288 2433 2338 sunt,
2464 2292 2621 2342 quam

1565 2354 1705 2399 esset
1736 2364 1861 2398 usus
1904 2349 2131 2413 videndi,
2181 2356 2239 2400 et
2288 2352 2619 2405 ambulandi:

1565 2427 1656 2475 sed
1692 2427 1875 2477 horum
1898 2427 2067 2475 omnia
2090 2425 2257 2477 officia
2282 2444 2347 2478 ex
2369 2430 2505 2479 natis
2530 2444 2625 2479 cx·

1565 2502 1783 2551 stitisse.
1846 2503 2045 2551 Vereor
2080 2518 2145 2552 ne
2182 2502 2475 2567 hujusmodi
2506 2518 2627 2569 por·

1567 2584 1713 2627 tento
1736 2583 1793 2628 et
1815 2577 2032 2627 ridicula
2067 2577 2297 2629 refutare
2332 2594 2435 2629 nou
2454 2580 2624 2631 minus

1567 2652 1801 2716 ineptum
1842 2666 1957 2721 esse
2010 2654 2267 2705 videatur.
2334 2656 2437 2706 Sed
2492 2656 2627 2708 iibet

1567 2728 1811 2791 ineptire,
1858 2728 2093 2790 quoniam
2140 2743 2259 2778 cum
2302 2732 2481 2793 inepto
2516 2734 2625 2797 agi·

1569 2817 1703 2863 mus,
1722 2818 1787 2853 ne
1809 2818 1867 2853 se
1890 2804 1977 2853 ilie
2000 2804 2153 2854 nimis
2183 2812 2421 2869 argutum
2456 2815 2625 2871 putet.

1570 2880 1709 2931 Quid
1732 2880 1828 2942 ais,
1852 2880 2111 2943 Epicure?
2165 2881 2282 2931 Non
2316 2890 2439 2932 sunt
2460 2883 2527 2932 ad
2550 2884 2625 2934 vi-

1571 2953 1797 3004 dendum
1820 2954 1958 3004 oculi
1989 2954 2163 3006 nati?'
2197 2959 2297 3005 &m
2363 2959 2495 3008 cum
2514 2959 2631 3010 hoec

1571 3031 1911 3093 scripsissem,
1932 3028 2130 3093 Zoilus,
2144 3030 2241 3079 hac
2263 3044 2375 3079 mea
2387 3031 2629 3082 emendu-

1576 3106 1719 3155 tione
1762 3105 2074 3167 improbata,
2127 3105 2203 3153 sic
2256 3105 2630 3157 emendandum

1573 3183 1798 3245 censuit,
1818 3184 1945 3231 Illud
1964 3182 2017 3231 iu
2039 3182 2115 3230 his
2142 3182 2281 3230 rebus
2303 3184 2474 3233 vitium
2499 3186 2634 3235 velie-

1574 3266 1755 3309 menter
1768 3260 1917 3307 inesto
1939 3257 2189 3321 Effugere,
2207 3258 2481 3323 illorumque
2502 3275 2632 3311 erro-

1575 3351 1675 3385 rem
1692 3333 2089 3399 premeditemur,
2112 3334 2315 3385 Lumina
2333 3336 2637 3402 quifaciunt,

1577 3415 1660 3476 esc.
1682 3426 1781 3460 non
1816 3412 1981 3459 scium
2020 3415 2203 3460 contra
2232 3412 2455 3461 omnium
2477 3414 2639 3465 libro-

1580 3502 1692 3537 rum
1738 3500 1993 3535 manuscr.
2036 3486 2417 3550 auctoritatem,
2454 3502 2636 3540 verum

1579 3565 1738 3613 etiam
1774 3570 1969 3627 praeter
1997 3562 2266 3626 rationem,
2300 3572 2356 3613 et
2388 3564 2500 3615 sine
2532 3566 2641 3616 ulia

1581 3640 1859 3690 sententia.
1924 3639 2027 3688 Sed
2060 3639 2263 3689 omnino
2284 3642 2420 3691 maio
2437 3656 2555 3692 mea
2572 3643 2639 3693 ab

1583 3715 1693 3766 istis
1726 3715 1887 3764 Zoilis
1916 3714 2215 3778 improbari,
2253 3730 2405 3781 quam
2446 3720 2643 3784 compi-

1584 3792 1683 3841 iari
1733 3795 1789 3840 et
1828 3789 2124 3852 harpagari.
2207 3788 2381 3839 Simeo
2436 3792 2645 3857 Bosius,

1583 3868 1738 3916 homo
1762 3864 1994 3915 acerrimi
2016 3862 2224 3928 judicii,
2258 3879 2373 3914 cum
2400 3866 2515 3915 haec
2527 3868 2643 3931 jam

1589 3940 1928 4003 scripsissem,
1949 3944 2003 3987 et
2039 3939 2113 3987 ita
2148 3939 2333 3989 excudi
2358 3940 2648 4009 jussissem,

1591 4016 1727 4065 dixit
1750 4016 1891 4073 mihi,
1914 4012 2013 4061 sibi
2036 4014 2203 4062 videri
2237 4014 2311 4062 itu
2344 4028 2497 4077 posse
2520 4018 2647 4082 legi,

1591 4092 1721 4140 Inna
1750 4091 1804 4139 in
1846 4090 1921 4137 his
1961 4086 2099 4137 rebus
2132 4088 2307 4137 vitium
2346 4090 2645 4143 vehementer

1589 4168 1691 4217 vise
1712 4164 1958 4229 Effugere,
1978 4179 2180 4213 errorem
2202 4165 2438 4229 vitareque
2450 4182 2645 4230 proeme·

1593 4246 1797 4303 muter,
1841 4243 1921 4305 &⁴:-
1966 4240 1983 4267 ‘
2010 4239 2119 4290 vise
2160 4238 2419 4305 effugere'
2462 4244 2651 4308 inquit,
