3200 4959
569 383 748 448 1442

573 547 677 601 cet,
718 537 1027 599 videturque
1061 546 1160 581 non
1207 532 1497 581 invenusta.
1533 528 1631 577 sed

573 620 841 678 receptam
918 610 1162 659 damnare
1225 621 1327 656 non
1403 618 1629 670 possum.

575 692 744 745 Βουτώ.

639 772 768 819 1089
793 762 996 825 Tenuis]
1011 758 1516 811 Proceleusmaticus
1534 770 1637 819 pro*

573 844 800 907 dactylo,
823 846 913 890 aut
933 836 1182 901 spondeo,
1208 842 1266 885 ut
1289 848 1432 898 soepc
1464 834 1594 881 alias
1615 848 1629 879 t

575 920 659 969 vel
693 916 966 967 dicendum
1005 928 1038 961 u
1077 912 1158 961 hic
1199 924 1312 959 esse
1350 918 1634 958 consonan-

578 1001 702 1044 tem.
741 990 906 1041 Lamb.

645 1071 766 1125 Qua
785 1071 924 1115 vento
953 1066 1057 1127 spes
1075 1066 1239 1125 raptat
1260 1059 1408 1123 sape]
1439 1060 1496 1109 si
1517 1060 1634 1109 baec

575 1146 836 1206 scriptura
859 1140 1131 1189 emendata
1166 1138 1270 1199 est,
1296 1144 1388 1186 aut
1428 1150 1553 1185 vero
1589 1135 1635 1183 si

575 1220 657 1269 bic
691 1231 869 1267 versus
901 1215 1240 1269 Lucretianus
1262 1219 1364 1273 est,
1397 1210 1474 1259 sic
1493 1210 1635 1259 vide-

579 1302 664 1345 tm·
686 1291 1022 1355 explicandus
1045 1305 1058 1337 z
1097 1290 1226 1339 Quae
1259 1286 1534 1335 simulacra
1557 1292 1636 1334 te-

578 1372 702 1421 nuia
723 1384 842 1433 spes
862 1368 1064 1417 misella
1085 1381 1224 1430 saepe
1258 1371 1438 1428 raptat
1473 1366 1488 1393 ‘
1512 1378 1637 1413 ven-

579 1454 636 1497 to
651 1446 685 1508 ;’
718 1447 754 1496 i.
772 1460 820 1495 e.
843 1446 898 1493 in
923 1450 1150 1502 ventum,
1175 1456 1268 1490 seu
1303 1455 1424 1490 cum
1459 1445 1635 1488 vento.

580 1523 713 1573 Qnae
756 1527 932 1570 tamen
977 1518 1236 1567 sententia
1277 1514 1502 1569 absurda
1525 1522 1635 1564 est:

577 1595 787 1643 videtur
819 1593 957 1641 enim
995 1592 1067 1641 ita
1093 1590 1262 1653 potius
1285 1590 1462 1638 dicere
1479 1590 1639 1638 debu-

578 1671 678 1718 isse
713 1668 1014 1717 Lucretius:
1053 1668 1184 1717 Quae
1229 1666 1504 1713 simulacra
1539 1677 1641 1713 una

579 1760 696 1795 cum
721 1758 814 1806 spe
838 1751 1023 1790 ventus
1047 1754 1184 1803 sa‘pe
1218 1740 1355 1803 rapit
1397 1746 1453 1788 et
1491 1739 1641 1788 dissi-

581 1826 706 1882 pat:
753 1816 960 1882 quidam
1001 1815 1196 1864 amicus
1231 1828 1374 1862 meus
1419 1814 1642 1877 putabat

578 1892 980 1942 tolerabiliorem
1002 1889 1112 1938 fore
1136 1889 1462 1952 scripturam,
1501 1890 1545 1939 si
1568 1892 1642 1939 ita

577 1970 802 2031 legatur,
828 1982 930 2029 quoe
952 1966 1004 2015 in
1025 1972 1190 2014 ventos
1209 1980 1314 2027 spes
1335 1970 1500 2029 raptat
1518 1980 1642 2029 ωερε

581 2047 784 2103 τιςίεεῑία.
841 2044 933 2093 sed
979 2043 1134 2092 etiam
1174 2043 1226 2090 iu
1271 2042 1368 2091 hac
1410 2043 1641 2091 lectione

580 2120 678 2169 boc
703 2121 837 2169 inest
860 2119 990 2181 vitii,
1025 2118 1163 2182 quod
1201 2132 1320 2179 spes
1361 2118 1637 2166 amantium

583 2203 685 2245 non
711 2202 886 2259 raptat
908 2196 1182 2243 simulacra
1204 2194 1254 2242 in
1286 2200 1468 2243 ventos
1493 2209 1508 2253 ;
1544 2193 1636 2241 sed

581 2272 694 2333 ipsa
731 2285 852 2332 spes
894 2284 1032 2331 saepe
1073 2284 1174 2317 una
1207 2283 1320 2317 cnm
1353 2268 1641 2316 simulacris

584 2346 792 2395 videtur
815 2344 964 2408 quasi
987 2358 1016 2391 a
1039 2343 1208 2392 ventis
1244 2342 1460 2404 raptari.
1525 2343 1641 2403 Ego

581 2421 754 2469 malim
778 2421 874 2467 hoc
897 2418 1050 2467 modo
1067 2418 1188 2481 legi,
1227 2432 1330 2480 «μω
1351 2421 1518 2465 ventus
1539 2432 1645 2480 spes

581 2500 744 2557 raptat
763 2508 886 2556 soepe
900 2494 1106 2541 misella».
1139 2496 1154 2520 ‘
1177 2497 1360 2541 ventus
1381 2507 1502 2555 spes
1518 2493 1532 2514 ’
1555 2509 1645 2542 au-

583 2577 706 2631 tem,
733 2570 764 2619 i.
785 2584 832 2617 e.
870 2579 1053 2616 ventus
1078 2569 1211 2631 spei,
1236 2575 1294 2617 ut
1317 2583 1411 2631 per
1435 2574 1643 2617 ventum

583 2647 718 2708 spei,
739 2658 882 2707 spem
903 2646 1088 2700 levem,
1112 2650 1162 2691 et
1190 2644 1526 2707 incertam‚et
1546 2642 1647 2692 fal·

580 2723 746 2769 lacem
791 2719 1156 2781 intelligamus.
1233 2718 1456 2768 Omnino
1499 2720 1647 2769 locus

579 2796 666 2843 hic
697 2793 820 2842 mihi
858 2793 1008 2841 valde
1045 2801 1318 2855 suspectus
1353 2803 1452 2857 est,
1477 2810 1645 2859 neque

584 2878 711 2933 puto
734 2872 868 2919 hunc
893 2884 1090 2918 versum
1115 2884 1223 2917 esse
1249 2870 1641 2931 Lucretianum3

583 2959 748 3009 eoque
793 2944 997 2993 sublato
1045 2946 1338 3005 planissima
1391 2938 1647 2995 sententia

587 3028 683 3068 est.
737 3020 900 3068 Lamb.
975 3020 1168 3079 Tenuia,
1205 3036 1306 3083 qua:
1358 3026 1496 3070 vento
1540 3037 1646 3085 spes

585 3100 761 3157 captat.
795 3094 857 3141 In
882 3094 1028 3143 libris
1057 3096 1300 3160 quidem:
1323 3103 1502 3159 raptat.
1539 3098 1643 3147 Sed

585 3176 746 3233 captat
779 3184 876 3233 ego
917 3172 1120 3233 scripsi.
1197 3172 1366 3234 Vento,
1386 3172 1526 3223 forte
1551 3188 1647 3237 pro

585 3246 796 3310 frustra,
836 3248 870 3296 i.
893 3262 938 3297 e.
974 3262 1086 3311 quae
1109 3262 1211 3295 non
1243 3255 1350 3297 tam
1372 3249 1467 3297 sibi
1491 3265 1645 3314 qnam

584 3330 766 3381 vento,
784 3330 841 3369 ut
865 3337 924 3369 ea
950 3323 1036 3371 ille
1063 3321 1294 3386 differat,
1319 3332 1514 3387 captat.
1558 3325 1647 3374 Ita

586 3411 734 3444 mox:
791 3396 806 3422 ‘
825 3394 1118 3459 frustraque
1175 3397 1412 3449 laborat.'
1473 3399 1643 3459 Gifan.

587 3470 784 3519 Misera
806 3485 946 3532 vero,
969 3470 1012 3517 si
1037 3486 1137 3533 qua
1160 3473 1277 3533 alia,
1295 3488 1372 3525 res
1387 3488 1529 3521 amor
1551 3484 1649 3535 est,

587 3560 756 3607 nugae,
788 3546 1001 3605 somnia,
1043 3545 1188 3606 nihil,
1226 3552 1316 3594 aut
1339 3561 1486 3608 paene
1503 3548 1645 3609 nihil,

589 3621 632 3668 si
651 3635 717 3667 ex
738 3620 1007 3681 pulchellis
1024 3622 1326 3681 corporibus
1344 3624 1522 3671 tenuia
1539 3630 1647 3671 tan-

586 3702 696 3743 tum
721 3694 993 3743 simulacra
1017 3693 1302 3757 decerpere
1327 3699 1471 3747 licet.
1507 3699 1645 3749 Quid

587 3768 748 3831 igitur
770 3768 898 3816 illud
923 3768 1132 3831 attinet,
1155 3773 1298 3819 color
1329 3787 1498 3835 verus,
1537 3790 1649 3823 cor-

588 3857 686 3906 pus
724 3842 942 3891 solidum
983 3850 1038 3892 et
1071 3846 1208 3893 succi
1231 3848 1470 3909 plenum?
1507 3850 1651 3912 quid,

588 3926 602 3947 ⁶
624 3922 743 3968 Flos
769 3918 913 3981 ipse,'
937 3922 1034 3967 διο.
1066 3920 1188 3982 quid
1205 3912 1237 3969 i'r
1257 3923 1460 3985 quando
1479 3925 1649 3973 omnia

589 3996 980 4058 praetervolant,
1049 3998 1066 4023 ‘
1097 3998 1314 4047 Quando
1369 3999 1421 4047 in
1475 4014 1647 4050 artiore

589 4072 767 4118 Venus
787 4072 1074 4120 simulacris
1116 4072 1248 4121 ludit
1289 4084 1540 4138 amantes,
1577 4078 1649 4127 Et

589 4148 786 4198 frustra
801 4163 1106 4212 comprensa
1130 4165 1304 4207 mamis
1324 4150 1505 4218 effugit
1525 4156 1647 4205 ima-

1273 388 1486 437 No'rAE
1536 386 1935 435 VARIORUM
1986 386 2067 433 IN

1705 542 1788 589 go,
1822 528 1929 576 Par
1962 526 2163 576 levibus
2186 525 2353 574 ventis
2374 524 2677 593 volucrique
2700 528 2769 575 si-

1706 602 1921 653 millima
1944 601 2156 651 somno.’
2190 601 2309 649 Hoc
2329 601 2495 664 ipsum
2520 608 2603 649 est
2626 602 2771 664 qaod

1707 678 1841 742 apud
1865 678 2161 727 Lucretium
2180 677 2333 741 legis,
2348 678 2606 727 hominem
2628 677 2766 725 illius

1706 753 2029 803 mercimonii
2080 753 2217 801 haud
2264 753 2599 815 imperitumz
2649 754 2665 779 ‘
2688 753 2771 801 Ex

1708 830 1926 880 bominis
1950 844 2074 879 vero
2103 828 2239 878 facie
2258 830 2539 893 pulcroque
2561 830 2777 891 colore,'

1706 906 1897 970 inquit,
1932 907 1948 935 ⁴
1976 904 2065 954 Nil
2099 904 2252 953 datur
2282 904 2337 951 in
2359 918 2547 967 corpus
2576 911 2773 965 praeter

1708 983 1978 1033 simulacra
1989 980 2261 1031 fruendum
2280 979 2494 1042 Tenuis,
2514 993 2629 1043 quae
2647 994 2771 1027 ven-

1708 1068 1766 1111 to
1804 1076 1924 1123 spes
1964 1062 2137 1121 raptat
2178 1071 2322 1120 saepe
2365 1054 2602 1105 misella?
2661 1056 2771 1104 Sed

1708 1138 1895 1187 tertius
1926 1136 2015 1185 ille
2036 1145 2229 1195 versus,
2256 1134 2464 1191 Lector,
2488 1132 2728 1195 placetne
2751 1132 2771 1178 ?

1708 1213 1962 1262 Lambino
1984 1218 2131 1262 certe
2149 1208 2489 1273 displicebat:
2524 1222 2691 1271 neque
2715 1208 2770 1255 id

1708 1289 1899 1351 injuria
1918 1307 1932 1349 ς
1964 1288 2105 1336 illum
2128 1286 2305 1349 itaque
2326 1294 2387 1334 ut
2408 1284 2655 1334 Lucretio
2678 1296 2771 1345 pa·

1713 1371 1793 1413 tre
1832 1364 2103 1428 indignum
2146 1377 2297 1412 verso
2351 1362 2487 1425 stylo
2532 1358 2769 1409 confixit.

1712 1439 1788 1490 At
1824 1438 2065 1491 Gifanius
2110 1440 2183 1487 ita
2218 1434 2547 1487 scribendum
2590 1435 2779 1483 existi·-

1712 1522 1853 1566 mat:
1914 1516 2111 1577 Teurnia,
2148 1528 2255 1577 quoe
2290 1517 2429 1562 ventu
2464 1526 2572 1575 spes
2606 1516 2769 1574 captat

1712 1608 1835 1657 σερε
1854 1594 2050 1642 misella.
2115 1592 2305 1655 Ibique
2328 1591 2397 1640 ad
2418 1605 2561 1639 oram
2584 1588 2773 1638 editio-

1714 1670 1793 1718 nis
1832 1684 1937 1717 sure
1981 1668 2095 1717 haec
2150 1666 2433 1716 adscribit:
2484 1665 2583 1713 ‘In
2628 1665 2773 1713 libris

1714 1744 1945 1808 quidem,
1969 1748 2133 1804 raptat
2148 1759 2169 1800 ‚·
2206 1742 2297 1791 sed
2318 1747 2480 1804 captat
2496 1756 2592 1804 ego
2611 1740 2777 1804 scrip·

1714 1821 1777 1867 si.
1816 1823 1970 1879 vento,
2002 1817 2227 1867 fortasse
2261 1832 2357 1880 pro
2400 1816 2614 1879 frustra,
2659 1816 2695 1864 i.
2721 1830 2771 1865 e.

1716 1910 1830 1958 quae
1854 1908 1957 1942 non
1988 1899 2093 1941 tam
2129 1891 2227 1941 sibi
2254 1904 2405 1955 qnam
2430 1898 2611 1951 vento,
2631 1899 2690 1939 ut
2712 1906 2774 1939 ea

1716 1971 1803 2018 ille
1842 1968 2066 2029 differat,
2108 1974 2306 2030 captat.
2338 1968 2411 2015 ita
2448 1981 2567 2015 mox
2602 1967 2617 1994 ‘
2640 1966 2771 2015 frus-

1716 2053 1901 2109 traque
1924 2044 2185 2093 laborat.”
2223 2044 2315 2093 Dii
2338 2044 2491 2093 boni!
2528 2042 2633 2092 Cur
2664 2044 2775 2091 baec

1714 2135 1814 2169 non
1840 2121 2038 2183 legerat
2078 2119 2399 2169 Lambinus?
2434 2133 2584 2183 quam
2619 2119 2781 2177 belle,

1717 2210 1867 2259 quam
1909 2194 2097 2243 festive
2134 2194 2392 2243 hominem
2428 2194 2777 2242 adhibuisset!

1718 2270 1855 2321 Quid
1912 2270 2067 2330 enim,
2122 2282 2321 2334 quaeso,
2372 2268 2635 2317 obscurius
2690 2270 2777 2317 vel

1718 2345 1917 2408 Sphinx
1971 2346 2085 2409 ipsa
2131 2345 2376 2394 diceret?
2464 2344 2615 2403 Quis,
2672 2344 2773 2391 nisi

1720 2423 1871 2483 plane
1944 2421 2239 2469 Latinitatis
2302 2433 2512 2483 equrs,
2562 2420 2777 2480 scribat,

1718 2515 1825 2561 spes
1871 2499 2051 2549 misella
2094 2505 2257 2562 captat
2303 2504 2441 2547 vento
2489 2498 2739 2546 simulacra
2752 2494 2777 2546 22

1720 2576 1925 2624 Deinde
1958 2575 2109 2623 homo
2131 2574 2425 2637 ingeniosus
2448 2586 2550 2622 non
2573 2573 2700 2621 vidit
2716 2572 2777 2621 il-

1720 2652 1812 2699 lud
1854 2666 1975 2713 πρε
2011 2651 2251 2699 vitiosum
2292 2663 2441 2709 esse;
2472 2648 2611 2712 quod
2643 2650 2777 2696 enim

1720 2728 1819 2776 hoc
1864 2727 1980 2775 loco
2016 2726 2203 2775 asserit
2244 2726 2536 2787 Lucretius,
2579 2738 2673 2772 nos
2724 2724 2777 2771 in

1722 2816 1894 2850 amore
1926 2800 2215 2849 simulacris
2235 2807 2435 2849 tantum
2458 2799 2583 2857 frui,
2623 2802 2638 2826 ‘
2658 2800 2777 2848 Nec

1720 2878 1953 2926 manibus
1986 2877 2259 2940 quidquam
2306 2876 2498 2924 teneris
2526 2873 2779 2923 abradere

1720 2955 2003 3017 membris,'
2044 2954 2096 3004 id
2142 2946 2410 3017 perpetuo*
2442 2960 2617 3001 rerum
2658 2960 2779 3010 est;

1720 3032 1763 3080 si
1796 3033 1811 3059 ‘
1832 3030 2003 3092 saepe'
2056 3029 2231 3089 fieret,
2262 3026 2535 3093 aliquando
2574 3040 2781 3089 quoque

1720 3121 1820 3154 non
1843 3105 2007 3155 fieret.
2077 3105 2264 3167 Itaque
2296 3104 2385 3152 ubi
2429 3101 2644 3165 primum
2684 3116 2781 3163 per

1721 3188 1932 3229 aetatem
1976 3180 2273 3233 Lucretium
2317 3182 2489 3241 legere
2524 3178 2679 3241 paulo
2702 3184 2779 3225 at-

1720 3257 1917 3305 tentius
1939 3255 2096 3317 coepi‚
2118 3268 2177 3303 ea
2214 3270 2315 3302 uua
2348 3268 2447 3301 vox
2470 3252 2645 3301 mendi
2668 3266 2777 3299 sus-

1721 3331 1976 3393 picionem
2015 3330 2321 3382 commovit:
2369 3329 2541 3393 ibique
2578 3328 2779 3376 dubita-

1719 3406 1939 3469 bundus,
1980 3406 2201 3467 haerens,
2245 3404 2466 3464 defixus,
2499 3403 2643 3451 steti
2686 3403 2779 3468 ali-

1720 3481 1969 3543 quandiu,
1987 3480 2126 3545 (nam
2148 3494 2239 3527 sex
2254 3486 2451 3541 septem
2470 3478 2579 3525 dies
2602 3479 2777 3525 locum

1719 3556 1855 3604 hunc
1881 3557 2050 3604 animo
2074 3554 2294 3616 versavi,
2318 3552 2447 3601 οὐδὲν
2470 3553 2785 3615 ὑπερβολικῶς

1723 3630 1837 3679 dico
1856 3628 1897 3693 t)
1922 3638 2029 3679 tum
2050 3630 2293 3693 denique,
2318 3630 2391 3677 sic
2416 3628 2505 3677 Dii
2530 3628 2778 3689 voluistis,

1722 3704 1787 3751 ad
1826 3718 1995 3751 veram
2030 3704 2305 3752 lec-tionem
2331 3702 2673 3765 pervenimus,
2698 3702 2783 3749 Sa·-

1720 3780 1925 3827 mulacra
1966 3778 2225 3839 fruendum
2268 3780 2467 3839 Tenuia,
2508 3794 2613 3842 quoe
2638 3776 2783 3827 ’reati

1720 3854 1873 3903 suevit
1889 3860 2077 3917 raptare
2093 3856 2317 3916 procella.
2382 3856 2465 3904 De
2486 3856 2585 3903 hac
2609 3868 2782 3904 emen·

1720 3930 1929 3979 datione
1982 3944 2155 3978 eorum
2220 3931 2320 3978 erit
2362 3930 2638 3993 judicium,
2692 3929 2779 3995 qui

1722 4004 1889 4067 poe‘tae.
1922 4012 2061 4064 sunt,
2095 4011 2184 4053 aut
2218 4006 2304 4068 qui
2330 4006 2509 4067 poetas
2528 4007 2783 4070 legerunt.

1722 4080 1849 4127 Eam
1883 4080 2018 4127 enim
2038 4082 2286 4143 exemplis
2308 4082 2425 4129 binc
2451 4083 2597 4130 illinc
2622 4083 2777 4131 colla-

1722 4156 1789 4205 tis
1811 4154 2015 4205 firmare
2033 4157 2156 4209 nihil
2181 4170 2391 4207 necesse
2418 4173 2432 4216 ς
2460 4158 2652 4222 quippe
2670 4156 2781 4206 cui-
