3200 4959
601 409 776 477 1444

587 568 709 629 jam,
742 568 828 617 Ita
847 578 1024 615 omnes
1047 564 1183 616 libri.
1204 564 1276 615 sic
1298 563 1410 613 fere
1431 578 1547 628 sup.
1581 580 1655 615 vs.

605 647 751 693 1049.
792 643 948 705 Vulg.
980 641 1088 701 jam
1133 646 1248 689 tum.
1301 640 1509 705 quidam
1553 649 1655 690 vet.

589 719 696 785 jam
723 720 854 765 dum.
891 713 1068 765 Gifan.

667 796 796 841 1100
828 790 984 853 Atque
1005 790 1056 838 in
1086 804 1137 838 eo
1159 794 1230 838 est
1258 790 1433 851 Venus,
1466 794 1520 837 ut
1557 805 1659 839 mu-

601 866 771 917 liebri«
803 863 1040 926 emerat]
1075 866 1382 914 verecunde
1424 879 1531 913 rem
1572 866 1660 915 ob·

601 957 810 993 scenam
831 942 1226 991 circumlocutus
1247 947 1356 989 est:
1405 940 1663 1003 significat

600 1020 739 1068 enim
783 1026 1008 1081 tempus,
1043 1032 1146 1079 quo
1185 1016 1266 1065 vir
1307 1016 1435 1066 inibi
1467 1022 1569 1077 est,
1606 1023 1662 1065 ut

603 1108 782 1143 semen
823 1094 878 1143 in
916 1094 1032 1143 loca
1067 1092 1334 1142 muliebria
1360 1091 1660 1156 profundat.

601 1168 772 1223 hmo.
908 1214 914 1219 .

603 1286 609 1291 .
667 1244 820 1309 Arva]
836 1246 924 1297 Sic
938 1246 1370 1310 Virg.Georg.8.
1395 1250 1509 1295 13⁵.
1538 1246 1662 1294 ‘ob-

603 1321 767 1369 tusior
809 1334 930 1369 usus
968 1320 1049 1369 Sit
1091 1320 1308 1383 genitali
1350 1319 1511 1369 arvo!
1575 1320 1662 1369 Sic

601 1394 698 1443 inf.
723 1394 839 1444 eod.
859 1394 950 1444 lib.
977 1398 1125 1443 1265.
1168 1394 1183 1421 ‘
1207 1395 1350 1444 Eicit
1372 1395 1506 1444 enim
1531 1394 1663 1444 sulci

598 1476 750 1519 recta
783 1470 996 1533 regione
1017 1470 1202 1533 viaque
1221 1470 1539 1535 vomerem‚’
1561 1473 1661 1520 dte.

667 1625 794 1670 1105
848 1621 978 1669 Num
1009 1618 1176 1679 facere
1215 1620 1478 1683 interdum]
1527 1619 1663 1668 Nam

599 1694 844 1745 'videntur
878 1694 1100 1760 (inquit)
1137 1694 1402 1744 interdum
1445 1694 1544 1742 hoc
1586 1692 1663 1743 fa-

601 1784 721 1819 cere
768 1771 922 1832 velle,
959 1782 1146 1831 nempe
1191 1770 1326 1817 alter
1369 1768 1421 1816 in
1475 1782 1665 1832 corpus

601 1844 813 1893 alterius
830 1859 1048 1907 corpore
1073 1851 1184 1894 toto
1209 1850 1483 1908 penetrare
1501 1851 1556 1893 et
1579 1844 1657 1893 in·

599 1920 783 1969 troire.
815 1920 982 1969 Lamb.

663 1997 791 2044 1106
864 1996 1059 2045 Veneris
1111 1996 1414 2059 compagibus
1457 1996 1665 2059 lta-rem]

596 2071 727 2119 Mss.
747 2070 914 2133 Lugd.
933 2072 1055 2120 Bat.
1075 2072 1128 2120 in
1149 2072 1465 2133 compagibus.
1506 2071 1665 2122 Vide-

597 2152 684 2195 tur
717 2152 892 2195 tamen
915 2147 1135 2196 alterum
1159 2160 1273 2194 esse
1297 2146 1663 2196 Lucretianum

597 2235 664 2272 ex
698 2238 775 2272 vs.
797 2220 891 2271 inf.
930 2226 1078 2272 1198.
1127 2224 1141 2249 ‘
1168 2222 1296 2271 Cum
1335 2223 1540 2272 interea
1572 2237 1659 2271 va-

597 2297 718 2346 lidis
766 2296 990 2347 Veneris
1035 2295 1368 2359 compagibus
1419 2296 1659 2347 haerent.’

597 2372 734 2423 Hau.

642 2450 790 2496 ·1107
814 2446 1124 2511 Liqueecunt]
1141 2446 1227 2495 Sic
1245 2444 1436 2493 habent
1457 2444 1659 2511 aliquot

597 2521 716 2571 libri
750 2536 1006 2585 manuscr.
1044 2528 1101 2571 et
1122 2520 1263 2585 typis
1288 2519 1481 2570 excusi.
1504 2534 1657 2584 quam

599 2598 908 2661 scripturam
949 2598 991 2646 si
1031 2598 1144 2661 quis
1183 2597 1444 2660 probabit,
1476 2611 1655 2648 versus

605 2672 761 2735 Usque
782 2675 896 2721 adeo
916 2673 1080 2736 cupide
1101 2673 1301 2734 legetur
1319 2672 1658 2735 ἐπιφωνηματι.

596 2750 704 2808 κῶς,
737 2748 834 2797 hoc
867 2762 1052 2797 sensu:
1084 2749 1218 2796 Tam
1242 2748 1577 2809 cupideinter
1597 2765 1655 2800 se

597 2825 860 2872 cohaereut
877 2823 1100 2873 Veneris
1133 2824 1350 2872 vinculis
1385 2822 1656 2876 adstricti:

595 2897 752 2961 idque
776 2898 1121 2959 tamdiu,dum
1141 2898 1383 2958 membra,
1400 2899 1450 2947 vi
1477 2901 1657 2964 volup·

598 2973 721 3021 tatis
761 2972 1024 3022 labefacta
1062 2974 1375 3035 liquescunt,
1413 2982 1466 3024 et
1505 2977 1655 3039 quasi

595 3049 648 3097 in
677 3048 942 3097 humorem
968 3050 1312 3098 resolvuntur.
1347 3049 1400 3099 in
1440 3052 1552 3100 aliis
1596 3054 1655 3102 li*

597 3126 701 3175 bris
723 3126 972 3189 scriptum
997 3135 1077 3177 est
1095 3128 1534 3190 liquescant,quam
1549 3129 1655 3178 lec·

597 3201 789 3251 tionem
812 3202 888 3251 sic
916 3202 1142 3265 explico,
1158 3208 1216 3251 ut
1235 3201 1542 3265 conjungam
1555 3204 1655 3254 hoc

595 3282 762 3327 totum
784 3292 924 3341 usque
943 3280 1055 3328 adeo
1077 3281 1207 3341 dum,
1240 3292 1375 3343 cum·
1391 3278 1550 3328 verbo
1593 3280 1653 3328 12·-

595 3358 843 3414 quescant,
860 3354 956 3403 hoc
973 3352 1127 3401 modo
1145 3366 1160 3399 t
1184 3366 1343 3416 usque
1363 3353 1494 3403 adeo
1515 3354 1653 3414 dum,

594 3426 691 3477 λε.
716 3440 881 3491 usque
912 3441 994 3488 eo,
1039 3441 1128 3476 seu
1163 3441 1322 3491 usque
1347 3428 1410 3476 ad
1445 3428 1497 3476 id
1523 3435 1653 3477 tem·

591 3502 842 3566 pus‚dum
866 3500 927 3567 (i.
947 3516 991 3550 e.
1012 3500 1202 3565 donec)
1221 3503 1445 3551 membra
1459 3502 1650 3567 liques·-

593 3584 734 3637 caut,
763 3580 860 3626 &1:-
897 3575 1063 3626 Lamb.

657 3656 784 3700 1108
822 3650 1077 3713 Tandem}
1103 3649 1208 3699 Sed
1245 3664 1358 3699 cum
1397 3650 1461 3699 ad
1495 3650 1649 3703 finem

589 3726 710 3775 clivi
745 3733 922 3776 noster
957 3726 1162 3775 anhelat
1196 3740 1378 3788 equus,
1409 3726 1505 3775 hoc
1549 3735 1649 3791 est,

587 3816 706 3853 cum
717 3803 1094 3866 expleverimus
1115 3815 1375 3866 venerem,
1386 3802 1650 3868 paulisper

589 3880 759 3931 rabies
801 3880 891 3929 illa
945 3879 1158 3929 residet.
1221 3877 1327 3927 Sed
1371 3880 1648 3942 paulopost

587 3954 820 4005 rediviva
861 3954 1184 4005 recrudescit
1221 3960 1277 4002 et
1331 3962 1647 4005 recentatur.

587 4028 716 4077 Mox
740 4030 756 4057 ‘
773 4030 944 4079 nervis
963 4028 1271 4093 conjuncta,’
1285 4032 1385 4078 διο.
1407 4031 1442 4079 i.
1461 4044 1508 4080 e.
1527 4040 1645 4081 cum

586 4104 842 4168 incipiunt
891 4107 1088 4169 agitata
1137 4113 1424 4155 tumescere
1473 4108 1645 4157 virilia

585 4184 839 4231 tormento
881 4181 1180 4244 citharaque
1229 4182 1470 4243 tentiora,
1511 4198 1641 4247 opus

575 4261 661 4306 est
703 4254 770 4304 ad
813 4256 944 4307 hanc
987 4256 1301 4319 rigidissimis
1357 4258 1531 4310 nervis
1583 4266 1641 4309 ut

1307 424 1526 472 No'rAE
1575 421 1971 474 VARlORUM
2022 424 2101 474 IN

1731 570 1871 616 stent
1916 565 2147 615 membra
2202 579 2316 630 quse
2365 566 2622 627 jacebant
2656 575 2793 621 ante.

1728 644 1867 693 Nam
1891 650 2102 691 auctore
2129 640 2341 691 Arbitro
2363 643 2618 693 Petronio
2642 647 2658 672 ‘
2680 645 2795 695 sine

1730 718 1904 766 nervis
1926 718 2069 765 aiunt
2091 724 2229 765 stare
2254 718 2327 765 nil
2354 716 2597 777 potesse.’
2664 721 2795 771 Qui·

1732 793 1849 842 darn
1871 794 2005 842 venis
2021 796 2199 856 legunt
2224 810 2237 841 ε
2264 800 2319 843 ut
2336 794 2402 841 sit
2420 784 2629 843 sensus:
2657 797 2793 847 Quae

1730 870 1967 931 voluptas
2004 870 2053 917 iu
2078 884 2321 918 venarum
2344 868 2575 917 interiori
2606 868 2794 920 fomite

1731 943 2101 993 bacchabatur.
2154 945 2293 993 Pius.
2363 941 2570 993 Tandem
2614 946 2695 995 ubi
2741 962 2795 997 se

1732 1020 1888 1083 erupit
1916 1020 2089 1069 nervis.
2150 1020 2238 1068 Sic
2273 1019 2394 1067 libri
2424 1019 2633 1083 quidem
2677 1020 2794 1072 fere

1734 1107 1909 1143 omnes
1951 1094 2179 1143 habent:
2229 1084 2323 1142 sed
2368 1099 2543 1143 tamen
2599 1096 2794 1147 amicus

1732 1168 1935 1231 quidam
1970 1183 2113 1218 meus
2134 1168 2410 1231 legendum
2434 1175 2604 1231 putat,
2625 1186 2677 1220 se
2699 1174 2795 1221 eri·-

1728 1244 1855 1305 puit.
1882 1252 2037 1307 atque
2062 1243 2171 1292 haec
2195 1244 2354 1292 lectio
2392 1259 2423 1292 a
2458 1245 2621 1295 Petro
2658 1249 2796 1297 Can-

1734 1317 1858 1366 dido
1900 1318 1950 1365 in
1985 1318 2247 1367 codicibus
2285 1318 2519 1369 Florent.
2553 1320 2606 1369 in
2644 1324 2795 1372 calce

1733 1390 1847 1440 libri
1892 1399 2143 1442 annotata
2188 1398 2289 1442 est.
2339 1395 2490 1457 quale
2531 1402 2613 1445 est
2664 1394 2794 1446 illud

1734 1467 1825 1515 ‘se
1866 1466 2017 1515 duxit
2068 1464 2239 1529 foras,'
2286 1468 2423 1531 apud
2474 1470 2689 1521 Terent.
2739 1474 2797 1522 et

1734 1540 1883 1602 illud,
1926 1543 2061 1605 ‘quo
2106 1557 2243 1591 nuuc
2293 1557 2350 1592 se
2389 1544 2611 1608 proripit
2651 1546 2795 1596 ille?'

1738 1616 1875 1679 apud
1901 1617 2043 1680 virg.
2072 1618 2183 1666 Ecl.
2208 1622 2256 1667 9.
2283 1622 2362 1667 19.
2380 1626 2435 1667 et
2456 1620 2543 1667 illa
2564 1620 2795 1671 usitatis·

1737 1693 1883 1753 sima,
1925 1695 1940 1721 ⁸
1960 1694 2181 1743 contulit
2214 1709 2270 1743 se
2316 1694 2557 1756 domum:
2590 1697 2604 1723 ‘
2624 1697 2675 1745 in
2708 1712 2793 1745 ur-

1734 1767 1889 1831 bem,'
1908 1768 1923 1797 ‘
1942 1768 2066 1831 rus,'
2102 1773 2200 1819 διο.
2223 1784 2321 1833 ego
2346 1776 2517 1819 tamen
2540 1770 2664 1821 nihil
2687 1787 2794 1821 mu·

1738 1842 1949 1892 tandum
1974 1858 2180 1893 censeo.
2232 1844 2400 1894 ιασηῠ.
2476 1846 2571 1894 Ubi
2604 1862 2653 1895 se
2682 1862 2792 1895 eru-

1732 1919 1825 1980 pit.
1848 1919 1921 1967 ita
1939 1926 2104 1968 recte.
2173 1919 2307 1968 Vide
2329 1920 2582 1970 Iudicem.
2611 1921 2795 1981 Gisaa.

1736 1994 1902 2045 Recte
1948 1996 2260 2059 interpretes
2304 1998 2633 2047 retinuerunt
2660 1998 2795 2048 hanc

1736 2068 2034 2133 lectionem,
2056 2086 2203 2135 quam
2229 2077 2283 2120 et
2316 2072 2498 2135 optimi
2525 2074 2653 2123 Mss.
2675 2088 2794 2123 con-

1736 2152 1963 2208 servant,
2010 2162 2283 2210 perperam
2330 2161 2456 2198 vero
2516 2147 2797 2199 Creechius

1736 2232 1791 2271 et
1815 2221 1970 2286 Angli
1993 2230 2288 2285 mutarnut3
2332 2231 2528 2287 praeter
2557 2225 2692 2272 enim
2716 2226 2795 2273 lo·-

1735 2312 1821 2347 cos
1845 2298 1896 2346 in
1919 2299 2101 2347 Indice
2122 2297 2324 2348 Gifanii
2345 2299 2621 2361 adductos,
2648 2300 2795 2349 locu-

1736 2382 1819 2422 tus
1843 2373 1916 2422 ita
1940 2380 2021 2423 est
2054 2373 2334 2423 Petronius
2374 2389 2424 2424 c.
2456 2378 2539 2422 24.
2577 2379 2629 2436 'p.
2674 2380 2792 2425 594.

1734 2447 1943 2513 ‘Atque
1979 2449 2071 2497 has
2108 2448 2334 2512 erumpit
2364 2447 2647 2498 furibundo
2670 2464 2795 2513 pec-

1735 2531 1850 2573 tore
1876 2524 2068 2574 voces)
2097 2524 2229 2573 Hau.

1804 2601 2023 2649 Conlecta
2063 2599 2254 2663 cupido]
2282 2598 2404 2649 Alii
2442 2598 2561 2649 libri
2599 2601 2793 2652 habent

1734 2675 1943 2735 conjecta
1994 2669 2177 2737 cupido,
2224 2674 2359 2737 quod
2414 2674 2553 2723 idem
2609 2678 2748 2726 valet
2776 2692 2791 2727 ε

1734 2753 1940 2799 conlecta
1984 2757 2151 2799 tamen
2189 2749 2343 2798 malo.
2399 2748 2570 2798 Lamb.
2636 2752 2793 2814 Vulg.

1733 2824 1955 2884 conjectu.
2021 2825 2156 2874 Vide
2210 2824 2483 2873 Indicemt
2538 2825 2554 2853 ‘
2574 2824 2791 2875 Conlec·
2822 2886 2831 2891 ,

1736 2900 1856 2948 tus.’
1893 2900 2063 2959 Gifan.

1802 2978 1929 3023 1109
1961 2974 2147 3037 Pausa]
2195 2973 2533 3034 Intermissio,
2568 2974 2797 3037 requiem·

1734 3046 2006 3111 ἀνάπαυσις,
2030 3059 2089 3097 ut
2114 3064 2269 3112 supra
2288 3054 2340 3098 2.
2364 3052 2475 3098 118.
2501 3048 2517 3075 ‘
2541 3061 2639 3097 nec
2662 3049 2793 3099 dare

1734 3122 2246 3185 pansam-conciliis!
2278 3122 2447 3171 Lumb.

1798 3202 1821 3247 1
1833 3203 1857 3246 1
1867 3202 1927 3247 12
1954 3199 2073 3255 Quoe
2088 3198 2327 3261 machina]
2338 3200 2467 3251 Quae
2484 3200 2637 3261 ratio,
2651 3202 2789 3264 quod

1731 3272 2017 3338 inventum,
2054 3289 2170 3338 quoe
2204 3288 2305 3335 ars,
2336 3272 2411 3323 τίς
2429 3274 2639 3336 μηχανή.
2672 3289 2789 3338 sup.

1732 3352 1780 3397 8.
1818 3352 1932 3399 957.
1983 3349 2154 3398 ‘Nam
2195 3348 2288 3397 tibi
2343 3356 2602 3411 praeterea
2650 3352 2791 3413 quod

1730 3425 2012 3487 machiner,
2054 3423 2449 3487 inveniamque‚'
2488 3428 2587 3475 ὅτε.
2620 3425 2788 3475 Lamb.

1729 3500 1993 3549 Machina.-
2036 3498 2279 3547 Graecum
2311 3504 2426 3548 est:
2463 3497 2539 3553 τίς
2578 3498 2791 3563 μηχανὴ,

1728 3572 1777 3621 τί
1794 3576 1978 3636 μῆχοςς
2014 3574 2116 3621 Res
2140 3581 2282 3621 nota.
2317 3572 2438 3621 Fab.

1792 3654 1921 3700 1114
1954 3650 2092 3697 Adde
2133 3650 2255 3711 qnod
2294 3648 2565 3711 absumunt]
2604 3647 2693 3699 Sic
2735 3656 2791 3701 5.

1730 3727 1874 3779 1016.
1915 3724 2018 3771 ‘Et
2062 3724 2241 3771 &Tenus
2286 3723 2543 3771 imminuit
2586 3723 2784 3773 vireis.'

1729 3800 1805 3849 sic
1850 3799 2140 3865 Epicurus:
2176 3798 2233 3847 ‘H
2257 3798 2483 3848 συνουσία
2514 3801 2663 3857 ὤνησε
2698 3798 2785 3859 μὲν

1726 3872 1960 3926 οὐδέποτε·
1990 3873 2239 3935 ἀγαπητὸν
2260 3874 2320 3938 δ’,
2341 3874 2474 3923 εἶκαὶ
2494 3874 2560 3936 μὴ
2583 3873 2779 3937 ἔβλαψε.

1724 3951 1760 3999 i.
1786 3966 1832 4001 e.
1853 3952 1869 3979 ‘
1886 3951 2201 4000 Concubitus
2224 3957 2279 4000 et
2297 3966 2417 4000 usus
2434 3952 2509 4000 rei
2520 3952 2779 4001 Venereae

1723 4024 1921 4089 profuit
1944 4040 2217 4089 numquam
2242 4042 2256 4075 ε
2293 4027 2427 4076 bene
2454 4034 2638 4090 agatur
2660 4041 2783 4079 cum

1720 4101 1944 4165 bomine,
1959 4102 2120 4150 sinon
2136 4102 2293 4151 etiam
2312 4100 2584 4157 nocuerit?
2608 4101 2779 4151 Lamo.

1719 4178 1837 4231 Vss.
1854 4182 1938 4227 28.
1971 4184 2206 4226 recenset
2222 4176 2549 4227 incommoda
2571 4176 2781 4239 amoris,

1718 4272 1835 4321 quae
1859 4271 1959 4307 res·
1974 4256 2220 4309 damnosa
2256 4260 2359 4320 est‚·
2382 4260 2437 4305 et
2458 4254 2649 4305 misera
2671 4264 2797 4303 ser-·
