<?xml version="1.0" encoding="UTF-8"?>
<!DOCTYPE html PUBLIC "-//W3C//DTD XHTML 1.0 Transitional//EN"
    "http://www.w3.org/TR/xhtml1/DTD/xhtml1-transitional.dtd">
<html xmlns="http://www.w3.org/1999/xhtml" xml:lang="en" lang="en">
 <head>
  <title>
</title>
<meta http-equiv="Content-Type" content="text/html;charset=utf-8" />
  <meta name='ocr-system' content='tesseract 3.04.00' />
  <meta name='ocr-capabilities' content='ocr_page ocr_carea ocr_par ocr_line ocrx_word'/>
</head>
<body>
  <div class='ocr_page' id='page_1' title='image "./dererumnaturali00unkngoog_0336.png"; bbox 0 0 3200 4959; ppageno 0'>
   <div class='ocr_carea' id='block_1_1' title="bbox 649 441 823 507">
    <p class='ocr_par' dir='ltr' id='par_1_1' title="bbox 649 441 823 507">
     <span class='ocr_line' id='line_1_1' title="bbox 649 441 823 507; baseline 0 0"><span class='ocrx_word' id='word_1_1' title='bbox 649 441 823 507; x_wconf 74' lang='lat'><strong>1686</strong></span> 
     </span>
    </p>
   </div>
   <div class='ocr_carea' id='block_1_2' title="bbox 638 604 1709 4091">
    <p class='ocr_par' dir='ltr' id='par_1_2' title="bbox 638 604 1709 4091">
     <span class='ocr_line' id='line_1_2' title="bbox 649 604 1708 670; baseline 0.001 -15"><span class='ocrx_word' id='word_1_2' title='bbox 649 605 903 655; x_wconf 69' lang='lat' dir='ltr'><strong>tationem</strong></span> <span class='ocrx_word' id='word_1_3' title='bbox 925 604 1213 665; x_wconf 83' lang='lat' dir='ltr'><strong>consilium,</strong></span> <span class='ocrx_word' id='word_1_4' title='bbox 1244 604 1381 670; x_wconf 87' lang='lat' dir='ltr'><strong>quod</strong></span> <span class='ocrx_word' id='word_1_5' title='bbox 1412 620 1565 656; x_wconf 84' lang='lat' dir='ltr'><strong>nemo</strong></span> <span class='ocrx_word' id='word_1_6' title='bbox 1584 606 1708 657; x_wconf 87' lang='lat' dir='ltr'><strong>olim</strong></span> 
     </span>
     <span class='ocr_line' id='line_1_3' title="bbox 650 682 1709 745; baseline 0.001 -15"><span class='ocrx_word' id='word_1_7' title='bbox 650 682 964 741; x_wconf 83' lang='lat' dir='ltr'><strong>observavit.</strong></span> <span class='ocrx_word' id='word_1_8' title='bbox 1030 683 1167 731; x_wconf 86' lang='lat' dir='ltr'><strong>Nam</strong></span> <span class='ocrx_word' id='word_1_9' title='bbox 1204 682 1289 731; x_wconf 76' lang='lat' dir='ltr'><strong>liic</strong></span> <span class='ocrx_word' id='word_1_10' title='bbox 1324 683 1459 745; x_wconf 89' lang='lat' dir='ltr'><strong>lapis</strong></span> <span class='ocrx_word' id='word_1_11' title='bbox 1493 682 1709 732; x_wconf 79' lang='lat' dir='ltr'>Herculi</span> 
     </span>
     <span class='ocr_line' id='line_1_4' title="bbox 648 760 1708 820; baseline -0.002 -11"><span class='ocrx_word' id='word_1_12' title='bbox 648 760 970 820; x_wconf 69' lang='lat' dir='ltr'><strong>attribuitur,</strong></span> <span class='ocrx_word' id='word_1_13' title='bbox 990 768 1045 808; x_wconf 88' lang='lat' dir='ltr'><strong>et</strong></span> <span class='ocrx_word' id='word_1_14' title='bbox 1064 760 1167 808; x_wconf 88' lang='lat' dir='ltr'><strong>vim</strong></span> <span class='ocrx_word' id='word_1_15' title='bbox 1180 774 1323 809; x_wconf 86' lang='lat' dir='ltr'><strong>suam</strong></span> <span class='ocrx_word' id='word_1_16' title='bbox 1343 760 1478 809; x_wconf 88' lang='lat' dir='ltr'><strong>illius</strong></span> <span class='ocrx_word' id='word_1_17' title='bbox 1498 760 1708 810; x_wconf 86' lang='lat' dir='ltr'><strong>Numini</strong></span> 
     </span>
     <span class='ocr_line' id='line_1_5' title="bbox 649 833 1708 899; baseline 0 -16"><span class='ocrx_word' id='word_1_18' title='bbox 649 842 923 898; x_wconf 79' lang='lat' dir='ltr'><strong>acceptam</strong></span> <span class='ocrx_word' id='word_1_19' title='bbox 947 834 1141 883; x_wconf 81' lang='lat' dir='ltr'><strong>referre</strong></span> <span class='ocrx_word' id='word_1_20' title='bbox 1176 836 1437 885; x_wconf 84' lang='lat' dir='ltr'><strong>creditur:</strong></span> <span class='ocrx_word' id='word_1_21' title='bbox 1466 837 1576 899; x_wconf 85' lang='lat' dir='ltr'><strong>jam</strong></span> <span class='ocrx_word' id='word_1_22' title='bbox 1598 833 1708 884; x_wconf 87' lang='lat' dir='ltr'><strong>fon-</strong></span> 
     </span>
     <span class='ocr_line' id='line_1_6' title="bbox 648 911 1706 976; baseline -0.002 -15"><span class='ocrx_word' id='word_1_23' title='bbox 648 916 731 961; x_wconf 83' lang='lat' dir='ltr'><strong>tes</strong></span> <span class='ocrx_word' id='word_1_24' title='bbox 752 925 870 960; x_wconf 83' lang='lat' dir='ltr'><strong>suos</strong></span> <span class='ocrx_word' id='word_1_25' title='bbox 895 911 1064 959; x_wconf 84' lang='lat' dir='ltr'><strong>amisit</strong></span> <span class='ocrx_word' id='word_1_26' title='bbox 1084 912 1314 973; x_wconf 75' lang='lat' dir='ltr'><strong>Jupiter,</strong></span> <span class='ocrx_word' id='word_1_27' title='bbox 1346 921 1401 961; x_wconf 88' lang='lat' dir='ltr'><strong>et</strong></span> <span class='ocrx_word' id='word_1_28' title='bbox 1442 912 1566 976; x_wconf 86' lang='lat' dir='ltr'><strong>quid</strong></span> <span class='ocrx_word' id='word_1_29' title='bbox 1598 912 1706 961; x_wconf 83' lang='lat' dir='ltr'><strong>filio</strong></span> 
     </span>
     <span class='ocr_line' id='line_1_7' title="bbox 650 987 1704 1051; baseline 0.001 -15"><span class='ocrx_word' id='word_1_30' title='bbox 650 992 830 1049; x_wconf 81' lang='lat' dir='ltr'><strong>parcat</strong></span> <span class='ocrx_word' id='word_1_31' title='bbox 866 987 1158 1049; x_wconf 85' lang='lat' dir='ltr'><strong>Lucretius,</strong></span> <span class='ocrx_word' id='word_1_32' title='bbox 1195 988 1283 1051; x_wconf 84' lang='lat' dir='ltr'><strong>qui</strong></span> <span class='ocrx_word' id='word_1_33' title='bbox 1324 989 1455 1051; x_wconf 83' lang='lat' dir='ltr'><strong>patri</strong></span> <span class='ocrx_word' id='word_1_34' title='bbox 1490 1002 1591 1036; x_wconf 87' lang='lat' dir='ltr'><strong>non</strong></span> <span class='ocrx_word' id='word_1_35' title='bbox 1614 1002 1704 1050; x_wconf 88' lang='lat' dir='ltr'><strong>pe-</strong></span> 
     </span>
     <span class='ocr_line' id='line_1_8' title="bbox 649 1061 1704 1127; baseline 0.001 -17"><span class='ocrx_word' id='word_1_36' title='bbox 649 1063 859 1127; x_wconf 77' lang='lat' dir='ltr'><strong>percit?</strong></span> <span class='ocrx_word' id='word_1_37' title='bbox 923 1061 1001 1112; x_wconf 83' lang='lat' dir='ltr'><strong>Ut</strong></span> <span class='ocrx_word' id='word_1_38' title='bbox 1054 1064 1295 1112; x_wconf 80' lang='lat' dir='ltr'><strong>virtutem</strong></span> <span class='ocrx_word' id='word_1_39' title='bbox 1350 1065 1704 1113; x_wconf 84' lang='lat' dir='ltr'><strong>attractrieem</strong></span> 
     </span>
     <span class='ocr_line' id='line_1_9' title="bbox 649 1138 1706 1201; baseline 0.003 -16"><span class='ocrx_word' id='word_1_40' title='bbox 649 1138 912 1201; x_wconf 74' lang='lat' dir='ltr'><strong>Magnetis</strong></span> <span class='ocrx_word' id='word_1_41' title='bbox 936 1138 1125 1187; x_wconf 81' lang='lat' dir='ltr'><strong>rectius</strong></span> <span class='ocrx_word' id='word_1_42' title='bbox 1146 1139 1381 1201; x_wconf 82' lang='lat' dir='ltr'><strong>explicet</strong></span> <span class='ocrx_word' id='word_1_43' title='bbox 1409 1140 1706 1199; x_wconf 85' lang='lat' dir='ltr'><strong>Lucretius,</strong></span> 
     </span>
     <span class='ocr_line' id='line_1_10' title="bbox 649 1214 1703 1280; baseline 0.002 -17"><span class='ocrx_word' id='word_1_44' title='bbox 649 1224 869 1280; x_wconf 81' lang='lat' dir='ltr'><strong>quatuor</strong></span> <span class='ocrx_word' id='word_1_45' title='bbox 886 1214 1061 1277; x_wconf 85' lang='lat' dir='ltr'><strong>capita</strong></span> <span class='ocrx_word' id='word_1_46' title='bbox 1086 1215 1371 1278; x_wconf 83' lang='lat' dir='ltr'><strong>pra·mittit,</strong></span> <span class='ocrx_word' id='word_1_47' title='bbox 1385 1230 1499 1279; x_wconf 78' lang='lat' dir='ltr'><strong>quae</strong></span> <span class='ocrx_word' id='word_1_48' title='bbox 1520 1224 1703 1265; x_wconf 84' lang='lat' dir='ltr'><strong>tamet-</strong></span> 
     </span>
     <span class='ocr_line' id='line_1_11' title="bbox 647 1290 1703 1355; baseline 0 -13"><span class='ocrx_word' id='word_1_49' title='bbox 647 1295 689 1343; x_wconf 85' lang='lat' dir='ltr'><strong>si</strong></span> <span class='ocrx_word' id='word_1_50' title='bbox 713 1294 839 1341; x_wconf 88' lang='lat' dir='ltr'><strong>alias</strong></span> <span class='ocrx_word' id='word_1_51' title='bbox 876 1291 1214 1355; x_wconf 87' lang='lat' dir='ltr'><strong>comprobata</strong></span> <span class='ocrx_word' id='word_1_52' title='bbox 1251 1290 1469 1353; x_wconf 76' lang='lat' dir='ltr'><strong>fuerint,</strong></span> <span class='ocrx_word' id='word_1_53' title='bbox 1500 1293 1584 1342; x_wconf 79' lang='lat' dir='ltr'><strong>liic</strong></span> <span class='ocrx_word' id='word_1_54' title='bbox 1627 1301 1703 1342; x_wconf 84' lang='lat' dir='ltr'><strong>ta-</strong></span> 
     </span>
     <span class='ocr_line' id='line_1_12' title="bbox 646 1367 1705 1431; baseline -0.001 -13"><span class='ocrx_word' id='word_1_55' title='bbox 646 1384 765 1419; x_wconf 83' lang='lat' dir='ltr'><strong>men</strong></span> <span class='ocrx_word' id='word_1_56' title='bbox 789 1370 1048 1418; x_wconf 83' lang='lat' dir='ltr'><strong>inculcata</strong></span> <span class='ocrx_word' id='word_1_57' title='bbox 1070 1369 1181 1418; x_wconf 85' lang='lat' dir='ltr'><strong>vult</strong></span> <span class='ocrx_word' id='word_1_58' title='bbox 1203 1368 1271 1417; x_wconf 88' lang='lat' dir='ltr'><strong>ob</strong></span> <span class='ocrx_word' id='word_1_59' title='bbox 1300 1370 1549 1431; x_wconf 76' lang='lat' dir='ltr'><strong>insignem</strong></span> <span class='ocrx_word' id='word_1_60' title='bbox 1573 1367 1705 1417; x_wconf 88' lang='lat' dir='ltr'><strong>diffi-</strong></span> 
     </span>
     <span class='ocr_line' id='line_1_13' title="bbox 648 1444 1708 1509; baseline -0.004 -11"><span class='ocrx_word' id='word_1_61' title='bbox 648 1450 917 1498; x_wconf 77' lang='lat' dir='ltr'><strong>cultatem.</strong></span> <span class='ocrx_word' id='word_1_62' title='bbox 970 1447 1141 1496; x_wconf 84' lang='lat' dir='ltr'><strong>Unum</strong></span> <span class='ocrx_word' id='word_1_63' title='bbox 1166 1454 1327 1509; x_wconf 86' lang='lat' dir='ltr'><strong>caput</strong></span> <span class='ocrx_word' id='word_1_64' title='bbox 1359 1452 1457 1507; x_wconf 90' lang='lat' dir='ltr'><strong>est,</strong></span> <span class='ocrx_word' id='word_1_65' title='bbox 1493 1444 1708 1495; x_wconf 84' lang='lat' dir='ltr'><strong>effluere</strong></span> 
     </span>
     <span class='ocr_line' id='line_1_14' title="bbox 650 1521 1705 1585; baseline -0.004 -12"><span class='ocrx_word' id='word_1_66' title='bbox 650 1524 900 1573; x_wconf 87' lang='lat' dir='ltr'><strong>continuo</strong></span> <span class='ocrx_word' id='word_1_67' title='bbox 921 1522 1224 1585; x_wconf 79' lang='lat' dir='ltr'><strong>corpuscula</strong></span> <span class='ocrx_word' id='word_1_68' title='bbox 1248 1521 1481 1585; x_wconf 80' lang='lat' dir='ltr'><strong>quaedam</strong></span> <span class='ocrx_word' id='word_1_69' title='bbox 1507 1536 1571 1569; x_wconf 84' lang='lat' dir='ltr'><strong>ex</strong></span> <span class='ocrx_word' id='word_1_70' title='bbox 1598 1536 1705 1569; x_wconf 90' lang='lat' dir='ltr'><strong>om-</strong></span> 
     </span>
     <span class='ocr_line' id='line_1_15' title="bbox 646 1597 1704 1661; baseline -0.003 -14"><span class='ocrx_word' id='word_1_71' title='bbox 646 1600 799 1647; x_wconf 83' lang='lat' dir='ltr'><strong>nibus</strong></span> <span class='ocrx_word' id='word_1_72' title='bbox 820 1598 995 1661; x_wconf 83' lang='lat' dir='ltr'><strong>rebus,</strong></span> <span class='ocrx_word' id='word_1_73' title='bbox 1030 1612 1127 1645; x_wconf 84' lang='lat' dir='ltr'><strong>vss.</strong></span> <span class='ocrx_word' id='word_1_74' title='bbox 1166 1602 1242 1646; x_wconf 83' lang='lat'><strong>15.</strong></span> <span class='ocrx_word' id='word_1_75' title='bbox 1308 1597 1565 1659; x_wconf 86' lang='lat' dir='ltr'><strong>Alterum,</strong></span> <span class='ocrx_word' id='word_1_76' title='bbox 1595 1597 1704 1646; x_wconf 90' lang='lat' dir='ltr'><strong>nul-</strong></span> 
     </span>
     <span class='ocr_line' id='line_1_16' title="bbox 647 1674 1703 1738; baseline -0.001 -13"><span class='ocrx_word' id='word_1_77' title='bbox 647 1678 753 1725; x_wconf 87' lang='lat' dir='ltr'><strong>lum</strong></span> <span class='ocrx_word' id='word_1_78' title='bbox 776 1690 891 1725; x_wconf 87' lang='lat' dir='ltr'><strong>esse</strong></span> <span class='ocrx_word' id='word_1_79' title='bbox 913 1689 1098 1738; x_wconf 82' lang='lat' dir='ltr'><strong>corpus</strong></span> <span class='ocrx_word' id='word_1_80' title='bbox 1124 1676 1255 1723; x_wconf 85' lang='lat' dir='ltr'><strong>adeo</strong></span> <span class='ocrx_word' id='word_1_81' title='bbox 1292 1674 1529 1736; x_wconf 87' lang='lat' dir='ltr'><strong>solidum,</strong></span> <span class='ocrx_word' id='word_1_82' title='bbox 1565 1675 1703 1738; x_wconf 85' lang='lat' dir='ltr'><strong>quod</strong></span> 
     </span>
     <span class='ocr_line' id='line_1_17' title="bbox 648 1751 1704 1814; baseline -0.004 -13"><span class='ocrx_word' id='word_1_83' title='bbox 648 1766 749 1801; x_wconf 88' lang='lat' dir='ltr'><strong>non</strong></span> <span class='ocrx_word' id='word_1_84' title='bbox 774 1751 941 1800; x_wconf 81' lang='lat' dir='ltr'><strong>inania</strong></span> <span class='ocrx_word' id='word_1_85' title='bbox 959 1752 1178 1814; x_wconf 84' lang='lat' dir='ltr'><strong>spatiola</strong></span> <span class='ocrx_word' id='word_1_86' title='bbox 1212 1751 1503 1813; x_wconf 84' lang='lat' dir='ltr'><strong>intercepta</strong></span> <span class='ocrx_word' id='word_1_87' title='bbox 1540 1751 1704 1800; x_wconf 89' lang='lat' dir='ltr'><strong>conti-</strong></span> 
     </span>
     <span class='ocr_line' id='line_1_18' title="bbox 646 1827 1703 1890; baseline -0.003 -15"><span class='ocrx_word' id='word_1_88' title='bbox 646 1835 788 1890; x_wconf 89' lang='lat' dir='ltr'><strong>neat,</strong></span> <span class='ocrx_word' id='word_1_89' title='bbox 828 1842 927 1875; x_wconf 84' lang='lat' dir='ltr'><strong>vss.</strong></span> <span class='ocrx_word' id='word_1_90' title='bbox 956 1830 1039 1877; x_wconf 77' lang='lat'><strong>23.</strong></span> <span class='ocrx_word' id='word_1_91' title='bbox 1102 1828 1353 1887; x_wconf 86' lang='lat' dir='ltr'><strong>Tertium,</strong></span> <span class='ocrx_word' id='word_1_92' title='bbox 1387 1827 1569 1874; x_wconf 84' lang='lat' dir='ltr'><strong>emissa</strong></span> <span class='ocrx_word' id='word_1_93' title='bbox 1590 1840 1703 1874; x_wconf 90' lang='lat' dir='ltr'><strong>cor-</strong></span> 
     </span>
     <span class='ocr_line' id='line_1_19' title="bbox 649 1902 1703 1966; baseline -0.002 -15"><span class='ocrx_word' id='word_1_94' title='bbox 649 1904 867 1966; x_wconf 86' lang='lat' dir='ltr'><strong>puscula</strong></span> <span class='ocrx_word' id='word_1_95' title='bbox 882 1918 984 1951; x_wconf 87' lang='lat' dir='ltr'><strong>non</strong></span> <span class='ocrx_word' id='word_1_96' title='bbox 1004 1902 1236 1950; x_wconf 84' lang='lat' dir='ltr'><strong>omnibus</strong></span> <span class='ocrx_word' id='word_1_97' title='bbox 1254 1902 1408 1951; x_wconf 87' lang='lat' dir='ltr'><strong>rebus</strong></span> <span class='ocrx_word' id='word_1_98' title='bbox 1425 1902 1606 1949; x_wconf 85' lang='lat' dir='ltr'><strong>eadem</strong></span> <span class='ocrx_word' id='word_1_99' title='bbox 1627 1916 1703 1949; x_wconf 88' lang='lat' dir='ltr'><strong>ra-</strong></span> 
     </span>
     <span class='ocr_line' id='line_1_20' title="bbox 647 1980 1706 2042; baseline -0.003 -14"><span class='ocrx_word' id='word_1_100' title='bbox 647 1980 792 2029; x_wconf 85' lang='lat' dir='ltr'><strong>tione</strong></span> <span class='ocrx_word' id='word_1_101' title='bbox 822 1992 1128 2042; x_wconf 76' lang='lat' dir='ltr'><strong>congruere,</strong></span> <span class='ocrx_word' id='word_1_102' title='bbox 1163 1993 1259 2027; x_wconf 81' lang='lat' dir='ltr'><strong>vss.</strong></span> <span class='ocrx_word' id='word_1_103' title='bbox 1282 1981 1363 2027; x_wconf 80' lang='grc'><strong>20.</strong></span> <span class='ocrx_word' id='word_1_104' title='bbox 1432 1980 1706 2041; x_wconf 83' lang='lat' dir='ltr'><strong>Quartum,</strong></span> 
     </span>
     <span class='ocr_line' id='line_1_21' title="bbox 646 2054 1702 2118; baseline -0.003 -14"><span class='ocrx_word' id='word_1_105' title='bbox 646 2056 820 2104; x_wconf 85' lang='lat' dir='ltr'><strong>inania</strong></span> <span class='ocrx_word' id='word_1_106' title='bbox 834 2056 1053 2118; x_wconf 80' lang='lat' dir='ltr'><strong>spatiola</strong></span> <span class='ocrx_word' id='word_1_107' title='bbox 1070 2068 1167 2102; x_wconf 90' lang='lat' dir='ltr'><strong>nou</strong></span> <span class='ocrx_word' id='word_1_108' title='bbox 1188 2054 1471 2101; x_wconf 78' lang='lat' dir='ltr'><strong>uniusmodi</strong></span> <span class='ocrx_word' id='word_1_109' title='bbox 1488 2054 1702 2101; x_wconf 72' lang='lat' dir='ltr'><strong>cii-cum-</strong></span> 
     </span>
     <span class='ocr_line' id='line_1_22' title="bbox 644 2130 1705 2194; baseline -0.003 -14"><span class='ocrx_word' id='word_1_110' title='bbox 644 2130 945 2194; x_wconf 81' lang='lat' dir='ltr'><strong>scriptionis</strong></span> <span class='ocrx_word' id='word_1_111' title='bbox 1002 2131 1051 2178; x_wconf 90' lang='lat' dir='ltr'><strong>in</strong></span> <span class='ocrx_word' id='word_1_112' title='bbox 1100 2130 1251 2178; x_wconf 83' lang='lat' dir='ltr'><strong>rebus</strong></span> <span class='ocrx_word' id='word_1_113' title='bbox 1296 2130 1531 2179; x_wconf 84' lang='lat' dir='ltr'><strong>omnibns</strong></span> <span class='ocrx_word' id='word_1_114' title='bbox 1575 2144 1705 2190; x_wconf 82' lang='lat' dir='ltr'><strong>esse,</strong></span> 
     </span>
     <span class='ocr_line' id='line_1_23' title="bbox 651 2204 1703 2271; baseline 0 -19"><span class='ocrx_word' id='word_1_115' title='bbox 651 2222 809 2271; x_wconf 84' lang='lat' dir='ltr'><strong>quare</strong></span> <span class='ocrx_word' id='word_1_116' title='bbox 832 2220 929 2255; x_wconf 81' lang='lat' dir='ltr'><strong>nec</strong></span> <span class='ocrx_word' id='word_1_117' title='bbox 951 2204 1133 2255; x_wconf 88' lang='lat' dir='ltr'><strong>eadem</strong></span> <span class='ocrx_word' id='word_1_118' title='bbox 1159 2205 1475 2268; x_wconf 78' lang='lat' dir='ltr'><strong>quibuslibet</strong></span> <span class='ocrx_word' id='word_1_119' title='bbox 1496 2220 1703 2267; x_wconf 87' lang='lat' dir='ltr'><strong>corpus·</strong></span> 
     </span>
     <span class='ocr_line' id='line_1_24' title="bbox 647 2281 1706 2342; baseline -0.001 -11"><span class='ocrx_word' id='word_1_120' title='bbox 647 2284 775 2332; x_wconf 85' lang='lat' dir='ltr'><strong>culis</strong></span> <span class='ocrx_word' id='word_1_121' title='bbox 809 2281 1204 2342; x_wconf 77' lang='lat' dir='ltr'><strong>accommodari,</strong></span> <span class='ocrx_word' id='word_1_122' title='bbox 1228 2294 1329 2329; x_wconf 85' lang='lat' dir='ltr'><strong>vss.</strong></span> <span class='ocrx_word' id='word_1_123' title='bbox 1366 2284 1441 2330; x_wconf 80' lang='lat'><strong>17.</strong></span> <span class='ocrx_word' id='word_1_124' title='bbox 1516 2282 1612 2329; x_wconf 88' lang='lat' dir='ltr'><strong>His</strong></span> <span class='ocrx_word' id='word_1_125' title='bbox 1633 2282 1706 2330; x_wconf 87' lang='lat' dir='ltr'><strong>ita</strong></span> 
     </span>
     <span class='ocr_line' id='line_1_25' title="bbox 648 2355 1704 2421; baseline -0.001 -17"><span class='ocrx_word' id='word_1_126' title='bbox 648 2356 927 2421; x_wconf 73' lang='lat' dir='ltr'><strong>praemissis</strong></span> <span class='ocrx_word' id='word_1_127' title='bbox 968 2358 1139 2404; x_wconf 85' lang='lat' dir='ltr'><strong>dicere</strong></span> <span class='ocrx_word' id='word_1_128' title='bbox 1179 2355 1479 2418; x_wconf 82' lang='lat' dir='ltr'><strong>aggreditur</strong></span> <span class='ocrx_word' id='word_1_129' title='bbox 1500 2370 1704 2403; x_wconf 85' lang='lat' dir='ltr'><strong>eausam</strong></span> 
     </span>
     <span class='ocr_line' id='line_1_26' title="bbox 652 2429 1706 2494; baseline -0.004 -11"><span class='ocrx_word' id='word_1_130' title='bbox 652 2446 745 2483; x_wconf 82' lang='lat' dir='ltr'><strong>seu</strong></span> <span class='ocrx_word' id='word_1_131' title='bbox 778 2432 983 2481; x_wconf 87' lang='lat' dir='ltr'><strong>modum</strong></span> <span class='ocrx_word' id='word_1_132' title='bbox 1022 2445 1120 2494; x_wconf 90' lang='lat' dir='ltr'><strong>quo</strong></span> <span class='ocrx_word' id='word_1_133' title='bbox 1156 2432 1372 2491; x_wconf 82' lang='lat' dir='ltr'><strong>Magnes</strong></span> <span class='ocrx_word' id='word_1_134' title='bbox 1410 2429 1604 2478; x_wconf 78' lang='lat' dir='ltr'><strong>ferrum</strong></span> <span class='ocrx_word' id='word_1_135' title='bbox 1629 2440 1706 2479; x_wconf 87' lang='lat' dir='ltr'><strong>at·</strong></span> 
     </span>
     <span class='ocr_line' id='line_1_27' title="bbox 648 2506 1706 2569; baseline -0.003 -9"><span class='ocrx_word' id='word_1_136' title='bbox 648 2511 831 2567; x_wconf 85' lang='lat' dir='ltr'><strong>trahit,</strong></span> <span class='ocrx_word' id='word_1_137' title='bbox 868 2508 1131 2557; x_wconf 80' lang='lat' dir='ltr'><strong>ferrumve</strong></span> <span class='ocrx_word' id='word_1_138' title='bbox 1171 2506 1235 2553; x_wconf 86' lang='lat' dir='ltr'><strong>ad</strong></span> <span class='ocrx_word' id='word_1_139' title='bbox 1274 2506 1575 2569; x_wconf 82' lang='lat' dir='ltr'><strong>Magnetem</strong></span> <span class='ocrx_word' id='word_1_140' title='bbox 1600 2508 1706 2558; x_wconf 85' lang='lat' dir='ltr'><strong>fer-</strong></span> 
     </span>
     <span class='ocr_line' id='line_1_28' title="bbox 652 2582 1706 2645; baseline 0.001 -11"><span class='ocrx_word' id='word_1_141' title='bbox 652 2596 755 2635; x_wconf 89' lang='lat' dir='ltr'><strong>tur.</strong></span> <span class='ocrx_word' id='word_1_142' title='bbox 823 2583 879 2631; x_wconf 89' lang='lat' dir='ltr'><strong>Is</strong></span> <span class='ocrx_word' id='word_1_143' title='bbox 904 2588 1073 2632; x_wconf 83' lang='lat' dir='ltr'><strong>autem</strong></span> <span class='ocrx_word' id='word_1_144' title='bbox 1098 2582 1149 2629; x_wconf 89' lang='lat' dir='ltr'><strong>in</strong></span> <span class='ocrx_word' id='word_1_145' title='bbox 1174 2596 1234 2630; x_wconf 87' lang='lat' dir='ltr'><strong>eo</strong></span> <span class='ocrx_word' id='word_1_146' title='bbox 1259 2584 1515 2645; x_wconf 78' lang='lat' dir='ltr'><strong>consistit,</strong></span> <span class='ocrx_word' id='word_1_147' title='bbox 1552 2592 1610 2634; x_wconf 85' lang='lat' dir='ltr'><strong>ut</strong></span> <span class='ocrx_word' id='word_1_148' title='bbox 1630 2586 1706 2635; x_wconf 85' lang='lat' dir='ltr'><strong>ef·</strong></span> 
     </span>
     <span class='ocr_line' id='line_1_29' title="bbox 644 2659 1704 2723; baseline -0.002 -13"><span class='ocrx_word' id='word_1_149' title='bbox 644 2660 803 2711; x_wconf 87' lang='lat' dir='ltr'><strong>fluant</strong></span> <span class='ocrx_word' id='word_1_150' title='bbox 823 2675 889 2709; x_wconf 84' lang='lat' dir='ltr'><strong>ex</strong></span> <span class='ocrx_word' id='word_1_151' title='bbox 912 2659 1160 2721; x_wconf 83' lang='lat' dir='ltr'><strong>Magnete</strong></span> <span class='ocrx_word' id='word_1_152' title='bbox 1176 2659 1501 2719; x_wconf 83' lang='lat' dir='ltr'><strong>corpuscula,</strong></span> <span class='ocrx_word' id='word_1_153' title='bbox 1522 2675 1585 2707; x_wconf 82' lang='lat' dir='ltr'><strong>ex</strong></span> <span class='ocrx_word' id='word_1_154' title='bbox 1600 2676 1704 2723; x_wconf 84' lang='lat' dir='ltr'><strong>quo</strong></span> 
     </span>
     <span class='ocr_line' id='line_1_30' title="bbox 647 2734 1702 2797; baseline -0.001 -11"><span class='ocrx_word' id='word_1_155' title='bbox 647 2738 761 2797; x_wconf 79' lang='lat' dir='ltr'><strong>tiat,</strong></span> <span class='ocrx_word' id='word_1_156' title='bbox 782 2744 841 2785; x_wconf 89' lang='lat' dir='ltr'><strong>ut</strong></span> <span class='ocrx_word' id='word_1_157' title='bbox 866 2735 954 2784; x_wconf 67' lang='lat' dir='ltr'><strong>aer</strong></span> <span class='ocrx_word' id='word_1_158' title='bbox 976 2736 1117 2783; x_wconf 85' lang='lat' dir='ltr'><strong>circa</strong></span> <span class='ocrx_word' id='word_1_159' title='bbox 1138 2734 1436 2795; x_wconf 83' lang='lat' dir='ltr'><strong>Magnetem</strong></span> <span class='ocrx_word' id='word_1_160' title='bbox 1460 2735 1702 2785; x_wconf 85' lang='lat' dir='ltr'><strong>discutia-</strong></span> 
     </span>
     <span class='ocr_line' id='line_1_31' title="bbox 646 2810 1702 2876; baseline -0.011 -13"><span class='ocrx_word' id='word_1_161' title='bbox 646 2822 749 2873; x_wconf 89' lang='lat' dir='ltr'><strong>tur,</strong></span> <span class='ocrx_word' id='word_1_162' title='bbox 783 2821 937 2876; x_wconf 83' lang='lat' dir='ltr'><strong>atque</strong></span> <span class='ocrx_word' id='word_1_163' title='bbox 971 2810 1165 2860; x_wconf 83' lang='lat' dir='ltr'><strong>idcirco</strong></span> <span class='ocrx_word' id='word_1_164' title='bbox 1202 2810 1363 2858; x_wconf 88' lang='lat' dir='ltr'><strong>multa</strong></span> <span class='ocrx_word' id='word_1_165' title='bbox 1397 2812 1568 2858; x_wconf 85' lang='lat' dir='ltr'><strong>inania</strong></span> <span class='ocrx_word' id='word_1_166' title='bbox 1588 2826 1702 2874; x_wconf 79' lang='lat' dir='ltr'><strong>spa.</strong></span> 
     </span>
     <span class='ocr_line' id='line_1_32' title="bbox 646 2885 1700 2949; baseline -0.004 -10"><span class='ocrx_word' id='word_1_167' title='bbox 646 2892 769 2940; x_wconf 89' lang='lat' dir='ltr'><strong>tiola</strong></span> <span class='ocrx_word' id='word_1_168' title='bbox 789 2894 1051 2937; x_wconf 87' lang='lat' dir='ltr'><strong>creentur.</strong></span> <span class='ocrx_word' id='word_1_169' title='bbox 1104 2887 1169 2934; x_wconf 87' lang='lat' dir='ltr'><strong>Et</strong></span> <span class='ocrx_word' id='word_1_170' title='bbox 1207 2887 1344 2949; x_wconf 83' lang='lat' dir='ltr'><strong>quia,</strong></span> <span class='ocrx_word' id='word_1_171' title='bbox 1376 2900 1489 2934; x_wconf 83' lang='lat' dir='ltr'><strong>curn</strong></span> <span class='ocrx_word' id='word_1_172' title='bbox 1512 2885 1700 2935; x_wconf 79' lang='lat' dir='ltr'><strong>ferrum</strong></span> 
     </span>
     <span class='ocr_line' id='line_1_33' title="bbox 645 2960 1700 3023; baseline -0.002 -11"><span class='ocrx_word' id='word_1_173' title='bbox 645 2966 931 3013; x_wconf 86' lang='lat' dir='ltr'><strong>collocatur</strong></span> <span class='ocrx_word' id='word_1_174' title='bbox 969 2964 1099 3010; x_wconf 86' lang='lat' dir='ltr'><strong>intra</strong></span> <span class='ocrx_word' id='word_1_175' title='bbox 1140 2962 1356 3009; x_wconf 79' lang='lat' dir='ltr'><strong>discussi</strong></span> <span class='ocrx_word' id='word_1_176' title='bbox 1380 2960 1511 3010; x_wconf 65' lang='lat' dir='ltr'><strong>aeris</strong></span> <span class='ocrx_word' id='word_1_177' title='bbox 1534 2963 1700 3023; x_wconf 83' lang='lat' dir='ltr'><strong>sphae-</strong></span> 
     </span>
     <span class='ocr_line' id='line_1_34' title="bbox 646 3036 1704 3099; baseline -0.001 -11"><span class='ocrx_word' id='word_1_178' title='bbox 646 3054 771 3097; x_wconf 83' lang='lat' dir='ltr'><strong>ram,</strong></span> <span class='ocrx_word' id='word_1_179' title='bbox 812 3038 1028 3087; x_wconf 88' lang='lat' dir='ltr'><strong>multum</strong></span> <span class='ocrx_word' id='word_1_180' title='bbox 1065 3036 1229 3085; x_wconf 83' lang='lat' dir='ltr'><strong>inanis</strong></span> <span class='ocrx_word' id='word_1_181' title='bbox 1268 3038 1402 3085; x_wconf 89' lang='lat' dir='ltr'><strong>inter</strong></span> <span class='ocrx_word' id='word_1_182' title='bbox 1444 3038 1609 3099; x_wconf 89' lang='lat' dir='ltr'><strong>ipsum</strong></span> <span class='ocrx_word' id='word_1_183' title='bbox 1645 3045 1704 3087; x_wconf 87' lang='lat' dir='ltr'><strong>et</strong></span> 
     </span>
     <span class='ocr_line' id='line_1_35' title="bbox 644 3114 1698 3181; baseline -0.002 -16"><span class='ocrx_word' id='word_1_184' title='bbox 644 3116 944 3181; x_wconf 82' lang='lat' dir='ltr'><strong>Magnetem</strong></span> <span class='ocrx_word' id='word_1_185' title='bbox 962 3121 1043 3163; x_wconf 89' lang='lat' dir='ltr'><strong>est</strong></span> <span class='ocrx_word' id='word_1_186' title='bbox 1062 3114 1424 3175; x_wconf 86' lang='lat' dir='ltr'><strong>interceptum,</strong></span> <span class='ocrx_word' id='word_1_187' title='bbox 1444 3120 1563 3161; x_wconf 90' lang='lat' dir='ltr'><strong>tunc</strong></span> <span class='ocrx_word' id='word_1_188' title='bbox 1582 3127 1698 3163; x_wconf 83' lang='lat' dir='ltr'><strong>eve·</strong></span> 
     </span>
     <span class='ocr_line' id='line_1_36' title="bbox 643 3188 1698 3253; baseline -0.003 -13"><span class='ocrx_word' id='word_1_189' title='bbox 643 3193 741 3253; x_wconf 90' lang='lat' dir='ltr'><strong>nit,</strong></span> <span class='ocrx_word' id='word_1_190' title='bbox 760 3192 887 3241; x_wconf 88' lang='lat' dir='ltr'><strong>utin</strong></span> <span class='ocrx_word' id='word_1_191' title='bbox 904 3204 1013 3238; x_wconf 85' lang='lat' dir='ltr'><strong>eam</strong></span> <span class='ocrx_word' id='word_1_192' title='bbox 1034 3196 1233 3252; x_wconf 81' lang='lat' dir='ltr'><strong>partem</strong></span> <span class='ocrx_word' id='word_1_193' title='bbox 1251 3190 1557 3249; x_wconf 82' lang='lat' dir='ltr'><strong>corpuscula</strong></span> <span class='ocrx_word' id='word_1_194' title='bbox 1574 3188 1698 3238; x_wconf 81' lang='lat' dir='ltr'><strong>ferri</strong></span> 
     </span>
     <span class='ocr_line' id='line_1_37' title="bbox 642 3264 1698 3328; baseline -0.004 -11"><span class='ocrx_word' id='word_1_195' title='bbox 642 3268 857 3317; x_wconf 88' lang='lat' dir='ltr'><strong>liberius</strong></span> <span class='ocrx_word' id='word_1_196' title='bbox 881 3264 1170 3328; x_wconf 83' lang='lat' dir='ltr'><strong>prosiliant,</strong></span> <span class='ocrx_word' id='word_1_197' title='bbox 1187 3264 1328 3328; x_wconf 84' lang='lat' dir='ltr'><strong>(nam</strong></span> <span class='ocrx_word' id='word_1_198' title='bbox 1348 3264 1567 3312; x_wconf 88' lang='lat' dir='ltr'><strong>omnium</strong></span> <span class='ocrx_word' id='word_1_199' title='bbox 1586 3280 1698 3313; x_wconf 86' lang='lat' dir='ltr'><strong>cor·</strong></span> 
     </span>
     <span class='ocr_line' id='line_1_38' title="bbox 646 3340 1696 3407; baseline -0.001 -17"><span class='ocrx_word' id='word_1_200' title='bbox 646 3358 826 3407; x_wconf 88' lang='lat' dir='ltr'><strong>porum</strong></span> <span class='ocrx_word' id='word_1_201' title='bbox 874 3341 1069 3389; x_wconf 84' lang='lat' dir='ltr'><strong>semina</strong></span> <span class='ocrx_word' id='word_1_202' title='bbox 1114 3340 1164 3388; x_wconf 91' lang='lat' dir='ltr'><strong>in</strong></span> <span class='ocrx_word' id='word_1_203' title='bbox 1212 3354 1425 3389; x_wconf 85' lang='lat' dir='ltr'><strong>vacuum</strong></span> <span class='ocrx_word' id='word_1_204' title='bbox 1472 3341 1696 3404; x_wconf 84' lang='lat' dir='ltr'><strong>spatium</strong></span> 
     </span>
     <span class='ocr_line' id='line_1_39' title="bbox 643 3416 1697 3483; baseline -0.002 -16"><span class='ocrx_word' id='word_1_205' title='bbox 643 3420 811 3468; x_wconf 88' lang='lat' dir='ltr'><strong>subito</strong></span> <span class='ocrx_word' id='word_1_206' title='bbox 835 3416 1217 3481; x_wconf 80' lang='lat' dir='ltr'><strong>prorumpunt,)</strong></span> <span class='ocrx_word' id='word_1_207' title='bbox 1255 3432 1317 3466; x_wconf 85' lang='lat' dir='ltr'><strong>ac</strong></span> <span class='ocrx_word' id='word_1_208' title='bbox 1351 3432 1528 3483; x_wconf 81' lang='lat' dir='ltr'><strong>versus</strong></span> <span class='ocrx_word' id='word_1_209' title='bbox 1554 3418 1697 3481; x_wconf 85' lang='lat' dir='ltr'><strong>Mag-</strong></span> 
     </span>
     <span class='ocr_line' id='line_1_40' title="bbox 642 3491 1698 3557; baseline -0.001 -13"><span class='ocrx_word' id='word_1_210' title='bbox 642 3504 818 3544; x_wconf 86' lang='lat' dir='ltr'><strong>netem</strong></span> <span class='ocrx_word' id='word_1_211' title='bbox 838 3492 1053 3557; x_wconf 86' lang='lat' dir='ltr'><strong>proinde</strong></span> <span class='ocrx_word' id='word_1_212' title='bbox 1076 3491 1339 3553; x_wconf 82' lang='lat' dir='ltr'><strong>ferantur3</strong></span> <span class='ocrx_word' id='word_1_213' title='bbox 1360 3507 1459 3541; x_wconf 90' lang='lat' dir='ltr'><strong>non</strong></span> <span class='ocrx_word' id='word_1_214' title='bbox 1484 3500 1698 3555; x_wconf 86' lang='lat' dir='ltr'><strong>possunt</strong></span> 
     </span>
     <span class='ocr_line' id='line_1_41' title="bbox 643 3568 1699 3631; baseline -0.001 -12"><span class='ocrx_word' id='word_1_215' title='bbox 643 3588 768 3621; x_wconf 85' lang='lat' dir='ltr'><strong>vero</strong></span> <span class='ocrx_word' id='word_1_216' title='bbox 792 3586 856 3620; x_wconf 89' lang='lat' dir='ltr'><strong>eo</strong></span> <span class='ocrx_word' id='word_1_217' title='bbox 894 3568 1229 3627; x_wconf 82' lang='lat' dir='ltr'><strong>contendere,</strong></span> <span class='ocrx_word' id='word_1_218' title='bbox 1266 3569 1388 3631; x_wconf 87' lang='lat' dir='ltr'><strong>quin</strong></span> <span class='ocrx_word' id='word_1_219' title='bbox 1429 3570 1699 3631; x_wconf 86' lang='lat' dir='ltr'><strong>pelliciant</strong></span> 
     </span>
     <span class='ocr_line' id='line_1_42' title="bbox 642 3642 1698 3707; baseline -0.002 -11"><span class='ocrx_word' id='word_1_220' title='bbox 642 3648 789 3697; x_wconf 79' lang='lat' dir='ltr'><strong>simul</strong></span> <span class='ocrx_word' id='word_1_221' title='bbox 814 3644 1147 3705; x_wconf 77' lang='lat' dir='ltr'><strong>coliaerentia,</strong></span> <span class='ocrx_word' id='word_1_222' title='bbox 1182 3642 1332 3707; x_wconf 80' lang='lat' dir='ltr'><strong>(ferri</strong></span> <span class='ocrx_word' id='word_1_223' title='bbox 1355 3650 1523 3692; x_wconf 88' lang='lat' dir='ltr'><strong>autem</strong></span> <span class='ocrx_word' id='word_1_224' title='bbox 1545 3646 1698 3694; x_wconf 90' lang='lat' dir='ltr'><strong>semi·</strong></span> 
     </span>
     <span class='ocr_line' id='line_1_43' title="bbox 638 3718 1697 3784; baseline 0 -13"><span class='ocrx_word' id='word_1_225' title='bbox 638 3738 707 3771; x_wconf 82' lang='lat' dir='ltr'><strong>na</strong></span> <span class='ocrx_word' id='word_1_226' title='bbox 730 3729 852 3769; x_wconf 89' lang='lat' dir='ltr'><strong>sunt</strong></span> <span class='ocrx_word' id='word_1_227' title='bbox 874 3721 1094 3769; x_wconf 83' lang='lat' dir='ltr'><strong>maxime</strong></span> <span class='ocrx_word' id='word_1_228' title='bbox 1116 3718 1411 3783; x_wconf 85' lang='lat' dir='ltr'><strong>implicita,)</strong></span> <span class='ocrx_word' id='word_1_229' title='bbox 1432 3727 1587 3784; x_wconf 88' lang='lat' dir='ltr'><strong>atque</strong></span> <span class='ocrx_word' id='word_1_230' title='bbox 1620 3722 1697 3771; x_wconf 90' lang='lat' dir='ltr'><strong>id-</strong></span> 
     </span>
     <span class='ocr_line' id='line_1_44' title="bbox 640 3793 1695 3849; baseline -0.002 -1"><span class='ocrx_word' id='word_1_231' title='bbox 640 3800 782 3849; x_wconf 88' lang='lat' dir='ltr'><strong>circo</strong></span> <span class='ocrx_word' id='word_1_232' title='bbox 817 3802 978 3845; x_wconf 89' lang='lat' dir='ltr'><strong>totam</strong></span> <span class='ocrx_word' id='word_1_233' title='bbox 1014 3793 1138 3843; x_wconf 80' lang='lat' dir='ltr'><strong>ferri</strong></span> <span class='ocrx_word' id='word_1_234' title='bbox 1177 3809 1426 3843; x_wconf 81' lang='lat' dir='ltr'><strong>massam:</strong></span> <span class='ocrx_word' id='word_1_235' title='bbox 1475 3811 1577 3845; x_wconf 79' lang='lat' dir='ltr'><strong>vss.</strong></span> <span class='ocrx_word' id='word_1_236' title='bbox 1615 3801 1695 3846; x_wconf 80' lang='lat'><strong>19.</strong></span> 
     </span>
     <span class='ocr_line' id='line_1_45' title="bbox 640 3870 1696 3934; baseline -0.003 -10"><span class='ocrx_word' id='word_1_237' title='bbox 640 3875 854 3925; x_wconf 86' lang='lat' dir='ltr'><strong>Interea</strong></span> <span class='ocrx_word' id='word_1_238' title='bbox 890 3885 1029 3932; x_wconf 79' lang='lat' dir='ltr'><strong>vero,</strong></span> <span class='ocrx_word' id='word_1_239' title='bbox 1054 3870 1172 3934; x_wconf 85' lang='lat' dir='ltr'><strong>quia</strong></span> <span class='ocrx_word' id='word_1_240' title='bbox 1202 3870 1395 3920; x_wconf 80' lang='lat' dir='ltr'><strong>ferrum</strong></span> <span class='ocrx_word' id='word_1_241' title='bbox 1428 3872 1599 3922; x_wconf 89' lang='lat' dir='ltr'><strong>tendit</strong></span> <span class='ocrx_word' id='word_1_242' title='bbox 1621 3875 1696 3921; x_wconf 88' lang='lat' dir='ltr'><strong>in-</strong></span> 
     </span>
     <span class='ocr_line' id='line_1_46' title="bbox 638 3947 1696 4009; baseline -0.004 -8"><span class='ocrx_word' id='word_1_243' title='bbox 638 3949 1024 4001; x_wconf 87' lang='lat' dir='ltr'><strong>discriminatim</strong></span> <span class='ocrx_word' id='word_1_244' title='bbox 1035 3960 1253 4003; x_wconf 84' lang='lat' dir='ltr'><strong>sursum,</strong></span> <span class='ocrx_word' id='word_1_245' title='bbox 1264 3947 1518 4009; x_wconf 87' lang='lat' dir='ltr'><strong>deorsum,</strong></span> <span class='ocrx_word' id='word_1_246' title='bbox 1532 3955 1696 3997; x_wconf 83' lang='lat' dir='ltr'><strong>trans-</strong></span> 
     </span>
     <span class='ocr_line' id='line_1_47' title="bbox 638 4024 1693 4091; baseline -0.005 -12"><span class='ocrx_word' id='word_1_247' title='bbox 638 4043 861 4091; x_wconf 76' lang='lat' dir='ltr'><strong>versum,</strong></span> <span class='ocrx_word' id='word_1_248' title='bbox 902 4034 953 4073; x_wconf 89' lang='lat' dir='ltr'><strong>et</strong></span> <span class='ocrx_word' id='word_1_249' title='bbox 978 4027 1027 4074; x_wconf 91' lang='lat' dir='ltr'><strong>in</strong></span> <span class='ocrx_word' id='word_1_250' title='bbox 1048 4038 1401 4088; x_wconf 81' lang='lat' dir='ltr'><strong>qttamcuuque</strong></span> <span class='ocrx_word' id='word_1_251' title='bbox 1426 4024 1693 4089; x_wconf 86' lang='lat' dir='ltr'><strong>obliquita-</strong></span> 
     </span>
    </p>
   </div>
   <div class='ocr_carea' id='block_1_3' title="bbox 1340 460 2140 513">
    <p class='ocr_par' dir='ltr' id='par_1_3' title="bbox 1340 460 2140 513">
     <span class='ocr_line' id='line_1_48' title="bbox 1340 460 2140 513; baseline 0.006 -6"><span class='ocrx_word' id='word_1_252' title='bbox 1340 460 1555 513; x_wconf 56' lang='lat' dir='ltr'><strong>1⁴01·AE</strong></span> <span class='ocrx_word' id='word_1_253' title='bbox 1602 462 2010 513; x_wconf 65' lang='lat' dir='ltr'><strong>vammum</strong></span> <span class='ocrx_word' id='word_1_254' title='bbox 2062 464 2140 512; x_wconf 76' lang='lat' dir='ltr'><strong>m</strong></span> 
     </span>
    </p>
   </div>
   <div class='ocr_carea' id='block_1_4' title="bbox 1766 606 2844 4089">
    <p class='ocr_par' dir='ltr' id='par_1_4' title="bbox 1781 606 2844 807">
     <span class='ocr_line' id='line_1_49' title="bbox 1784 606 2844 671; baseline 0.004 -14"><span class='ocrx_word' id='word_1_255' title='bbox 1784 606 1978 671; x_wconf 77' lang='lat' dir='ltr'><strong>hemia,</strong></span> <span class='ocrx_word' id='word_1_256' title='bbox 2032 606 2478 658; x_wconf 75' lang='lat' dir='ltr'><strong>indiscriminatim</strong></span> <span class='ocrx_word' id='word_1_257' title='bbox 2533 608 2600 660; x_wconf 83' lang='lat' dir='ltr'><strong>ab</strong></span> <span class='ocrx_word' id='word_1_258' title='bbox 2655 608 2844 661; x_wconf 78' lang='lat' dir='ltr'><strong>ictibus</strong></span> 
     </span>
     <span class='ocr_line' id='line_1_50' title="bbox 1784 682 2841 751; baseline 0.006 -21"><span class='ocrx_word' id='word_1_259' title='bbox 1784 682 1998 733; x_wconf 85' lang='lat' dir='ltr'><strong>aliorum</strong></span> <span class='ocrx_word' id='word_1_260' title='bbox 2023 696 2300 747; x_wconf 88' lang='lat' dir='ltr'><strong>corporum</strong></span> <span class='ocrx_word' id='word_1_261' title='bbox 2332 686 2726 751; x_wconf 69' lang='lat' dir='ltr'><strong>protrudentur,</strong></span> <span class='ocrx_word' id='word_1_262' title='bbox 2745 702 2841 735; x_wconf 83' lang='lat' dir='ltr'><strong>vss.</strong></span> 
     </span>
     <span class='ocr_line' id='line_1_51' title="bbox 1781 759 2066 807; baseline 0.007 -2"><span class='ocrx_word' id='word_1_263' title='bbox 1781 763 1828 806; x_wconf 75' lang='lat'><strong>⁶.</strong></span> <span class='ocrx_word' id='word_1_264' title='bbox 1871 759 2066 807; x_wconf 64' lang='lat' dir='ltr'><strong>Graecis.</strong></span> 
     </span>
    </p>

    <p class='ocr_par' dir='ltr' id='par_1_5' title="bbox 1779 834 2842 1941">
     <span class='ocr_line' id='line_1_52' title="bbox 1844 834 2840 902; baseline 0.003 -19"><span class='ocrx_word' id='word_1_265' title='bbox 1844 839 1940 883; x_wconf 79' lang='grc'><strong>907</strong></span> <span class='ocrx_word' id='word_1_266' title='bbox 1970 834 2236 894; x_wconf 77' lang='lat' dir='ltr'><strong>Utferrum</strong></span> <span class='ocrx_word' id='word_1_267' title='bbox 2252 838 2418 886; x_wconf 75' lang='lat' dir='ltr'><strong>ducere</strong></span> <span class='ocrx_word' id='word_1_268' title='bbox 2431 838 2605 901; x_wconf 76' lang='lat' dir='ltr'><strong>possit]</strong></span> <span class='ocrx_word' id='word_1_269' title='bbox 2639 839 2722 886; x_wconf 90' lang='lat' dir='ltr'><strong>De</strong></span> <span class='ocrx_word' id='word_1_270' title='bbox 2743 854 2840 902; x_wconf 88' lang='lat' dir='ltr'><strong>quo</strong></span> 
     </span>
     <span class='ocr_line' id='line_1_53' title="bbox 1782 912 2842 977; baseline 0.003 -18"><span class='ocrx_word' id='word_1_271' title='bbox 1782 918 1978 973; x_wconf 73' lang='lat' dir='ltr'><strong>praeter</strong></span> <span class='ocrx_word' id='word_1_272' title='bbox 2001 912 2126 961; x_wconf 87' lang='lat' dir='ltr'><strong>alios</strong></span> <span class='ocrx_word' id='word_1_273' title='bbox 2146 914 2347 961; x_wconf 87' lang='lat' dir='ltr'><strong>consuli</strong></span> <span class='ocrx_word' id='word_1_274' title='bbox 2372 921 2588 975; x_wconf 88' lang='lat' dir='ltr'><strong>possunt</strong></span> <span class='ocrx_word' id='word_1_275' title='bbox 2613 915 2842 977; x_wconf 85' lang='lat' dir='ltr'><strong>Prosper</strong></span> 
     </span>
     <span class='ocr_line' id='line_1_54' title="bbox 1783 987 2840 1051; baseline 0.003 -16"><span class='ocrx_word' id='word_1_276' title='bbox 1783 987 2026 1051; x_wconf 81' lang='lat' dir='ltr'><strong>Aquitan.</strong></span> <span class='ocrx_word' id='word_1_277' title='bbox 2071 988 2138 1037; x_wconf 89' lang='lat' dir='ltr'><strong>de</strong></span> <span class='ocrx_word' id='word_1_278' title='bbox 2189 988 2438 1038; x_wconf 84' lang='lat' dir='ltr'><strong>Promiss.</strong></span> <span class='ocrx_word' id='word_1_279' title='bbox 2487 995 2544 1037; x_wconf 91' lang='lat' dir='ltr'><strong>et</strong></span> <span class='ocrx_word' id='word_1_280' title='bbox 2584 989 2840 1039; x_wconf 75' lang='lat' dir='ltr'><strong>Praedict.</strong></span> 
     </span>
     <span class='ocr_line' id='line_1_55' title="bbox 1780 1062 2838 1127; baseline 0.002 -17"><span class='ocrx_word' id='word_1_281' title='bbox 1780 1062 1886 1110; x_wconf 87' lang='lat' dir='ltr'><strong>Dei</strong></span> <span class='ocrx_word' id='word_1_282' title='bbox 1917 1062 2074 1111; x_wconf 78' lang='lat' dir='ltr'><strong>Parte</strong></span> <span class='ocrx_word' id='word_1_283' title='bbox 2109 1066 2155 1112; x_wconf 72' lang='lat'><strong>3.</strong></span> <span class='ocrx_word' id='word_1_284' title='bbox 2189 1062 2366 1113; x_wconf 87' lang='lat' dir='ltr'><strong>Prom.</strong></span> <span class='ocrx_word' id='word_1_285' title='bbox 2387 1066 2468 1111; x_wconf 75' lang='lat'><strong>88.</strong></span> <span class='ocrx_word' id='word_1_286' title='bbox 2503 1064 2592 1111; x_wconf 85' lang='lat' dir='ltr'><strong>ubi</strong></span> <span class='ocrx_word' id='word_1_287' title='bbox 2632 1064 2741 1127; x_wconf 82' lang='lat' dir='ltr'><strong>agit</strong></span> <span class='ocrx_word' id='word_1_288' title='bbox 2772 1064 2838 1113; x_wconf 85' lang='lat' dir='ltr'><strong>de</strong></span> 
     </span>
     <span class='ocr_line' id='line_1_56' title="bbox 1780 1137 2840 1201; baseline 0.003 -16"><span class='ocrx_word' id='word_1_289' title='bbox 1780 1138 2034 1201; x_wconf 79' lang='lat' dir='ltr'><strong>quadriga</strong></span> <span class='ocrx_word' id='word_1_290' title='bbox 2053 1137 2227 1188; x_wconf 82' lang='lat' dir='ltr'><strong>ferrea</strong></span> <span class='ocrx_word' id='word_1_291' title='bbox 2261 1139 2595 1188; x_wconf 69' lang='lat' dir='ltr'><strong>Alexandriae</strong></span> <span class='ocrx_word' id='word_1_292' title='bbox 2623 1138 2674 1187; x_wconf 87' lang='lat' dir='ltr'><strong>iu</strong></span> <span class='ocrx_word' id='word_1_293' title='bbox 2697 1142 2840 1188; x_wconf 85' lang='lat' dir='ltr'><strong>Tem-</strong></span> 
     </span>
     <span class='ocr_line' id='line_1_57' title="bbox 1783 1215 2837 1279; baseline 0.003 -18"><span class='ocrx_word' id='word_1_294' title='bbox 1783 1216 1868 1277; x_wconf 89' lang='lat' dir='ltr'><strong>plo</strong></span> <span class='ocrx_word' id='word_1_295' title='bbox 1902 1215 2167 1278; x_wconf 85' lang='lat' dir='ltr'><strong>Serapidis</strong></span> <span class='ocrx_word' id='word_1_296' title='bbox 2204 1228 2458 1278; x_wconf 84' lang='lat' dir='ltr'><strong>suspensa</strong></span> <span class='ocrx_word' id='word_1_297' title='bbox 2495 1222 2554 1263; x_wconf 90' lang='lat' dir='ltr'><strong>et</strong></span> <span class='ocrx_word' id='word_1_298' title='bbox 2597 1216 2742 1279; x_wconf 83' lang='lat' dir='ltr'><strong>quasi</strong></span> <span class='ocrx_word' id='word_1_299' title='bbox 2786 1217 2837 1264; x_wconf 91' lang='lat' dir='ltr'><strong>in</strong></span> 
     </span>
     <span class='ocr_line' id='line_1_58' title="bbox 1780 1288 2841 1352; baseline 0.001 -15"><span class='ocrx_word' id='word_1_300' title='bbox 1780 1288 1902 1337; x_wconf 65' lang='lat' dir='ltr'><strong>aere</strong></span> <span class='ocrx_word' id='word_1_301' title='bbox 1941 1290 2219 1352; x_wconf 83' lang='lat' dir='ltr'><strong>pendente.</strong></span> <span class='ocrx_word' id='word_1_302' title='bbox 2293 1289 2510 1339; x_wconf 76' lang='lat' dir='ltr'><strong>Tei-tull.</strong></span> <span class='ocrx_word' id='word_1_303' title='bbox 2550 1290 2666 1341; x_wconf 79' lang='lat' dir='ltr'><strong>adv.</strong></span> <span class='ocrx_word' id='word_1_304' title='bbox 2706 1292 2841 1339; x_wconf 87' lang='lat' dir='ltr'><strong>Her-</strong></span> 
     </span>
     <span class='ocr_line' id='line_1_59' title="bbox 1781 1364 2839 1429; baseline 0.002 -18"><span class='ocrx_word' id='word_1_305' title='bbox 1781 1378 1914 1427; x_wconf 82' lang='lat' dir='ltr'><strong>mog.</strong></span> <span class='ocrx_word' id='word_1_306' title='bbox 1939 1380 1983 1413; x_wconf 91' lang='lat' dir='ltr'><strong>c.</strong></span> <span class='ocrx_word' id='word_1_307' title='bbox 2005 1369 2087 1415; x_wconf 74' lang='lat'><strong>44.</strong></span> <span class='ocrx_word' id='word_1_308' title='bbox 2109 1366 2194 1429; x_wconf 86' lang='lat' dir='ltr'><strong>qui</strong></span> <span class='ocrx_word' id='word_1_309' title='bbox 2219 1366 2382 1428; x_wconf 86' lang='lat' dir='ltr'><strong>lapidi</strong></span> <span class='ocrx_word' id='word_1_310' title='bbox 2402 1364 2522 1413; x_wconf 89' lang='lat' dir='ltr'><strong>huic</strong></span> <span class='ocrx_word' id='word_1_311' title='bbox 2538 1366 2642 1414; x_wconf 86' lang='lat' dir='ltr'><strong>Dei</strong></span> <span class='ocrx_word' id='word_1_312' title='bbox 2663 1366 2716 1413; x_wconf 90' lang='lat' dir='ltr'><strong>in</strong></span> <span class='ocrx_word' id='word_1_313' title='bbox 2738 1380 2839 1413; x_wconf 84' lang='lat' dir='ltr'><strong>ma-</strong></span> 
     </span>
     <span class='ocr_line' id='line_1_60' title="bbox 1783 1440 2838 1501; baseline 0.003 -14"><span class='ocrx_word' id='word_1_314' title='bbox 1783 1440 1912 1487; x_wconf 83' lang='lat' dir='ltr'><strong>teria</strong></span> <span class='ocrx_word' id='word_1_315' title='bbox 1931 1442 2284 1501; x_wconf 82' lang='lat' dir='ltr'><strong>operationem</strong></span> <span class='ocrx_word' id='word_1_316' title='bbox 2305 1440 2650 1491; x_wconf 80' lang='lat' dir='ltr'><strong>adsimilabat.</strong></span> <span class='ocrx_word' id='word_1_317' title='bbox 2679 1442 2838 1490; x_wconf 78' lang='lat' dir='ltr'><strong>&#39;Theo-</strong></span> 
     </span>
     <span class='ocr_line' id='line_1_61' title="bbox 1781 1513 2836 1585; baseline 0.004 -23"><span class='ocrx_word' id='word_1_318' title='bbox 1781 1513 1948 1585; x_wconf 75' lang='lat' dir='ltr'><strong>doret.</strong></span> <span class='ocrx_word' id='word_1_319' title='bbox 1973 1516 2064 1566; x_wconf 88' lang='lat' dir='ltr'><strong>Gr.</strong></span> <span class='ocrx_word' id='word_1_320' title='bbox 2087 1514 2190 1566; x_wconf 78' lang='lat' dir='ltr'><strong>Aff.</strong></span> <span class='ocrx_word' id='word_1_321' title='bbox 2215 1516 2338 1565; x_wconf 86' lang='lat' dir='ltr'><strong>Cur.</strong></span> <span class='ocrx_word' id='word_1_322' title='bbox 2365 1517 2534 1565; x_wconf 78' lang='lat' dir='ltr'><strong>Set-m.</strong></span> <span class='ocrx_word' id='word_1_323' title='bbox 2573 1522 2623 1565; x_wconf 81' lang='lat'><strong>5.</strong></span> <span class='ocrx_word' id='word_1_324' title='bbox 2663 1530 2716 1579; x_wconf 90' lang='lat' dir='ltr'><strong>p.</strong></span> <span class='ocrx_word' id='word_1_325' title='bbox 2755 1520 2836 1566; x_wconf 76' lang='lat'><strong>69.</strong></span> 
     </span>
     <span class='ocr_line' id='line_1_62' title="bbox 1781 1592 2838 1653; baseline 0.004 -17"><span class='ocrx_word' id='word_1_326' title='bbox 1781 1592 1868 1653; x_wconf 81' lang='lat' dir='ltr'><strong>qui</strong></span> <span class='ocrx_word' id='word_1_327' title='bbox 1899 1606 2014 1640; x_wconf 88' lang='lat' dir='ltr'><strong>cum</strong></span> <span class='ocrx_word' id='word_1_328' title='bbox 2040 1592 2221 1641; x_wconf 85' lang='lat' dir='ltr'><strong>eodem</strong></span> <span class='ocrx_word' id='word_1_329' title='bbox 2259 1592 2566 1639; x_wconf 83' lang='lat' dir='ltr'><strong>Divinarum</strong></span> <span class='ocrx_word' id='word_1_330' title='bbox 2604 1592 2838 1653; x_wconf 86' lang='lat' dir='ltr'><strong>Scriptu-</strong></span> 
     </span>
     <span class='ocr_line' id='line_1_63' title="bbox 1781 1666 2837 1729; baseline 0.001 -16"><span class='ocrx_word' id='word_1_331' title='bbox 1781 1680 1952 1715; x_wconf 82' lang='lat' dir='ltr'><strong>rarum</strong></span> <span class='ocrx_word' id='word_1_332' title='bbox 1976 1667 2076 1715; x_wconf 84' lang='lat' dir='ltr'><strong>vim</strong></span> <span class='ocrx_word' id='word_1_333' title='bbox 2098 1673 2384 1729; x_wconf 84' lang='lat' dir='ltr'><strong>comparat.</strong></span> <span class='ocrx_word' id='word_1_334' title='bbox 2455 1667 2668 1715; x_wconf 81' lang='lat' dir='ltr'><strong>Ferrum</strong></span> <span class='ocrx_word' id='word_1_335' title='bbox 2693 1666 2837 1714; x_wconf 84' lang='lat' dir='ltr'><strong>deni·</strong></span> 
     </span>
     <span class='ocr_line' id='line_1_64' title="bbox 1779 1742 2835 1806; baseline 0 -15"><span class='ocrx_word' id='word_1_336' title='bbox 1779 1756 1878 1806; x_wconf 88' lang='lat' dir='ltr'><strong>que</strong></span> <span class='ocrx_word' id='word_1_337' title='bbox 1899 1757 2096 1798; x_wconf 67' lang='lat' dir='ltr'><strong>sursum</strong></span> <span class='ocrx_word' id='word_1_338' title='bbox 2121 1742 2385 1792; x_wconf 81' lang='lat' dir='ltr'><strong>attrahere</strong></span> <span class='ocrx_word' id='word_1_339' title='bbox 2407 1743 2606 1791; x_wconf 87' lang='lat' dir='ltr'><strong>monuit</strong></span> <span class='ocrx_word' id='word_1_340' title='bbox 2639 1748 2697 1791; x_wconf 90' lang='lat' dir='ltr'><strong>et</strong></span> <span class='ocrx_word' id='word_1_341' title='bbox 2731 1742 2835 1791; x_wconf 85' lang='lat' dir='ltr'><strong>Na-</strong></span> 
     </span>
     <span class='ocr_line' id='line_1_65' title="bbox 1779 1816 2836 1880; baseline 0.002 -15"><span class='ocrx_word' id='word_1_342' title='bbox 1779 1818 1938 1866; x_wconf 84' lang='lat' dir='ltr'><strong>zianz.</strong></span> <span class='ocrx_word' id='word_1_343' title='bbox 1977 1818 2030 1865; x_wconf 90' lang='lat' dir='ltr'><strong>in</strong></span> <span class='ocrx_word' id='word_1_344' title='bbox 2065 1817 2325 1880; x_wconf 78' lang='lat' dir='ltr'><strong>Praecept.</strong></span> <span class='ocrx_word' id='word_1_345' title='bbox 2359 1816 2426 1865; x_wconf 91' lang='lat' dir='ltr'><strong>ad</strong></span> <span class='ocrx_word' id='word_1_346' title='bbox 2451 1816 2600 1880; x_wconf 86' lang='lat' dir='ltr'><strong>Virg.</strong></span> <span class='ocrx_word' id='word_1_347' title='bbox 2627 1832 2701 1865; x_wconf 84' lang='lat' dir='ltr'><strong>vs.</strong></span> <span class='ocrx_word' id='word_1_348' title='bbox 2725 1820 2836 1867; x_wconf 79' lang='grc'><strong>779.</strong></span> 
     </span>
     <span class='ocr_line' id='line_1_66' title="bbox 1780 1892 1914 1941; baseline 0.015 -2"><span class='ocrx_word' id='word_1_349' title='bbox 1780 1892 1914 1941; x_wconf 74' lang='lat' dir='ltr'><strong>Han.</strong></span> 
     </span>
    </p>

    <p class='ocr_par' dir='ltr' id='par_1_6' title="bbox 1777 1966 2834 2182">
     <span class='ocr_line' id='line_1_67' title="bbox 1840 1966 2834 2030; baseline 0 -14"><span class='ocrx_word' id='word_1_350' title='bbox 1840 1971 1939 2016; x_wconf 87' lang='grc'><strong>908</strong></span> <span class='ocrx_word' id='word_1_351' title='bbox 1963 1968 2112 2024; x_wconf 78' lang='lat' dir='ltr'><strong>Quem</strong></span> <span class='ocrx_word' id='word_1_352' title='bbox 2131 1968 2368 2030; x_wconf 70' lang='lat' dir='ltr'><strong>Magneta</strong></span> <span class='ocrx_word' id='word_1_353' title='bbox 2383 1973 2568 2023; x_wconf 71' lang='lat' dir='ltr'><strong>exunt,</strong></span> <span class='ocrx_word' id='word_1_354' title='bbox 2583 1966 2696 2030; x_wconf 54' lang='grc' dir='ltr'><strong>ξω]</strong></span> <span class='ocrx_word' id='word_1_355' title='bbox 2715 1966 2834 2016; x_wconf 85' lang='lat' dir='ltr'><strong>Vid.</strong></span> 
     </span>
     <span class='ocr_line' id='line_1_68' title="bbox 1777 2043 2834 2108; baseline 0 -17"><span class='ocrx_word' id='word_1_356' title='bbox 1777 2044 2050 2093; x_wconf 80' lang='lat' dir='ltr'><strong>Bocliartis</strong></span> <span class='ocrx_word' id='word_1_357' title='bbox 2083 2045 2250 2108; x_wconf 87' lang='lat' dir='ltr'><strong>Geog.</strong></span> <span class='ocrx_word' id='word_1_358' title='bbox 2287 2046 2372 2095; x_wconf 90' lang='lat' dir='ltr'><strong>Sa.</strong></span> <span class='ocrx_word' id='word_1_359' title='bbox 2409 2060 2521 2107; x_wconf 88' lang='lat' dir='ltr'><strong>par.</strong></span> <span class='ocrx_word' id='word_1_360' title='bbox 2568 2052 2708 2107; x_wconf 85' lang='lat' dir='ltr'><strong>post.</strong></span> <span class='ocrx_word' id='word_1_361' title='bbox 2746 2043 2834 2093; x_wconf 84' lang='lat' dir='ltr'><strong>lib.</strong></span> 
     </span>
     <span class='ocr_line' id='line_1_69' title="bbox 1778 2122 2302 2182; baseline 0.006 -16"><span class='ocrx_word' id='word_1_362' title='bbox 1778 2122 1826 2167; x_wconf 86' lang='lat'><strong>1.</strong></span> <span class='ocrx_word' id='word_1_363' title='bbox 1851 2134 1968 2182; x_wconf 88' lang='lat' dir='ltr'><strong>cap.</strong></span> <span class='ocrx_word' id='word_1_364' title='bbox 1989 2124 2071 2170; x_wconf 78' lang='grc'><strong>38.</strong></span> <span class='ocrx_word' id='word_1_365' title='bbox 2112 2122 2302 2170; x_wconf 77' lang='lat' dir='ltr'><strong>Creeclo.</strong></span> 
     </span>
    </p>

    <p class='ocr_par' dir='ltr' id='par_1_7' title="bbox 1766 2195 2841 4089">
     <span class='ocr_line' id='line_1_70' title="bbox 1841 2195 2836 2258; baseline 0.002 -15"><span class='ocrx_word' id='word_1_366' title='bbox 1841 2198 1938 2243; x_wconf 83' lang='grc'><strong>010</strong></span> <span class='ocrx_word' id='word_1_367' title='bbox 1963 2195 2152 2258; x_wconf 77' lang='lat' dir='ltr'><strong>Quippe</strong></span> <span class='ocrx_word' id='word_1_368' title='bbox 2171 2202 2382 2245; x_wconf 77' lang='lat' dir='ltr'><strong>catenam</strong></span> <span class='ocrx_word' id='word_1_369' title='bbox 2397 2210 2522 2257; x_wconf 80' lang='lat' dir='ltr'><strong>soepe</strong></span> <span class='ocrx_word' id='word_1_370' title='bbox 2539 2210 2600 2245; x_wconf 78' lang='lat' dir='ltr'><strong>ex</strong></span> <span class='ocrx_word' id='word_1_371' title='bbox 2621 2197 2836 2257; x_wconf 70' lang='lat' dir='ltr'><strong>amelli-r,</strong></span> 
     </span>
     <span class='ocr_line' id='line_1_71' title="bbox 1777 2270 2834 2333; baseline 0 -15"><span class='ocrx_word' id='word_1_372' title='bbox 1777 2270 1884 2333; x_wconf 57' lang='grc' dir='ltr'><strong>ξω]</strong></span> <span class='ocrx_word' id='word_1_373' title='bbox 1917 2272 2078 2319; x_wconf 83' lang='lat' dir='ltr'><strong>Totus</strong></span> <span class='ocrx_word' id='word_1_374' title='bbox 2101 2272 2184 2319; x_wconf 79' lang='lat' dir='ltr'><strong>liic</strong></span> <span class='ocrx_word' id='word_1_375' title='bbox 2215 2272 2379 2333; x_wconf 85' lang='lat' dir='ltr'><strong>locus,</strong></span> <span class='ocrx_word' id='word_1_376' title='bbox 2417 2285 2520 2320; x_wconf 87' lang='lat' dir='ltr'><strong>non</strong></span> <span class='ocrx_word' id='word_1_377' title='bbox 2561 2270 2834 2319; x_wconf 83' lang='lat' dir='ltr'><strong>admodum</strong></span> 
     </span>
     <span class='ocr_line' id='line_1_72' title="bbox 1781 2348 2836 2409; baseline -0.001 -12"><span class='ocrx_word' id='word_1_378' title='bbox 1781 2349 2044 2409; x_wconf 84' lang='lat' dir='ltr'><strong>obscurus,</strong></span> <span class='ocrx_word' id='word_1_379' title='bbox 2087 2348 2433 2397; x_wconf 80' lang='lat' dir='ltr'><strong>illustrabitur</strong></span> <span class='ocrx_word' id='word_1_380' title='bbox 2466 2355 2640 2397; x_wconf 86' lang='lat' dir='ltr'><strong>tamen</strong></span> <span class='ocrx_word' id='word_1_381' title='bbox 2665 2348 2836 2396; x_wconf 80' lang='lat' dir='ltr'><strong>verbis</strong></span> 
     </span>
     <span class='ocr_line' id='line_1_73' title="bbox 1781 2422 2836 2485; baseline -0.002 -12"><span class='ocrx_word' id='word_1_382' title='bbox 1781 2424 2018 2473; x_wconf 89' lang='lat' dir='ltr'><strong>Platonis</strong></span> <span class='ocrx_word' id='word_1_383' title='bbox 2040 2424 2091 2471; x_wconf 90' lang='lat' dir='ltr'><strong>in</strong></span> <span class='ocrx_word' id='word_1_384' title='bbox 2121 2424 2247 2472; x_wconf 87' lang='lat' dir='ltr'><strong>lone</strong></span> <span class='ocrx_word' id='word_1_385' title='bbox 2281 2438 2382 2472; x_wconf 87' lang='lat' dir='ltr'><strong>non</strong></span> <span class='ocrx_word' id='word_1_386' title='bbox 2413 2424 2564 2485; x_wconf 85' lang='lat' dir='ltr'><strong>longe</strong></span> <span class='ocrx_word' id='word_1_387' title='bbox 2589 2436 2620 2471; x_wconf 85' lang='lat' dir='ltr'><strong>a</strong></span> <span class='ocrx_word' id='word_1_388' title='bbox 2643 2422 2836 2485; x_wconf 87' lang='lat' dir='ltr'><strong>princi-</strong></span> 
     </span>
     <span class='ocr_line' id='line_1_74' title="bbox 1779 2500 2834 2563; baseline -0.002 -14"><span class='ocrx_word' id='word_1_389' title='bbox 1779 2502 1882 2563; x_wconf 89' lang='lat' dir='ltr'><strong>pio.</strong></span> <span class='ocrx_word' id='word_1_390' title='bbox 1949 2500 2172 2549; x_wconf 88' lang='lat' dir='ltr'><strong>Videtur</strong></span> <span class='ocrx_word' id='word_1_391' title='bbox 2215 2500 2352 2549; x_wconf 86' lang='lat' dir='ltr'><strong>enim</strong></span> <span class='ocrx_word' id='word_1_392' title='bbox 2393 2500 2686 2559; x_wconf 85' lang='lat' dir='ltr'><strong>Lucretius,</strong></span> <span class='ocrx_word' id='word_1_393' title='bbox 2719 2513 2834 2547; x_wconf 85' lang='lat' dir='ltr'><strong>cum</strong></span> 
     </span>
     <span class='ocr_line' id='line_1_75' title="bbox 1778 2573 2835 2636; baseline -0.004 -11"><span class='ocrx_word' id='word_1_394' title='bbox 1778 2578 1870 2627; x_wconf 79' lang='lat' dir='ltr'><strong>lios</strong></span> <span class='ocrx_word' id='word_1_395' title='bbox 1897 2591 2071 2626; x_wconf 84' lang='lat' dir='ltr'><strong>versus</strong></span> <span class='ocrx_word' id='word_1_396' title='bbox 2105 2575 2379 2636; x_wconf 84' lang='lat' dir='ltr'><strong>scriberet,</strong></span> <span class='ocrx_word' id='word_1_397' title='bbox 2415 2573 2574 2623; x_wconf 84' lang='lat' dir='ltr'><strong>verba</strong></span> <span class='ocrx_word' id='word_1_398' title='bbox 2604 2575 2692 2623; x_wconf 87' lang='lat' dir='ltr'><strong>illa</strong></span> <span class='ocrx_word' id='word_1_399' title='bbox 2714 2575 2835 2622; x_wconf 87' lang='lat' dir='ltr'><strong>Pla-</strong></span> 
     </span>
     <span class='ocr_line' id='line_1_76' title="bbox 1778 2644 2838 2713; baseline -0.004 -12"><span class='ocrx_word' id='word_1_400' title='bbox 1778 2652 1910 2701; x_wconf 83' lang='lat' dir='ltr'><strong>tonis</strong></span> <span class='ocrx_word' id='word_1_401' title='bbox 1934 2659 2218 2713; x_wconf 82' lang='lat' dir='ltr'><strong>spectasse.</strong></span> <span class='ocrx_word' id='word_1_402' title='bbox 2252 2651 2326 2698; x_wconf 85' lang='lat' dir='ltr'><strong>sic</strong></span> <span class='ocrx_word' id='word_1_403' title='bbox 2353 2657 2528 2699; x_wconf 86' lang='lat' dir='ltr'><strong>autem</strong></span> <span class='ocrx_word' id='word_1_404' title='bbox 2566 2650 2688 2698; x_wconf 84' lang='lat' dir='ltr'><strong>ille:</strong></span> <span class='ocrx_word' id='word_1_405' title='bbox 2722 2644 2838 2698; x_wconf 70' lang='grc' dir='ltr'><strong>Θεία</strong></span> 
     </span>
     <span class='ocr_line' id='line_1_77' title="bbox 1777 2724 2836 2788; baseline -0.004 -12"><span class='ocrx_word' id='word_1_406' title='bbox 1777 2726 1828 2777; x_wconf 78' lang='grc' dir='ltr'><strong>δὲ</strong></span> <span class='ocrx_word' id='word_1_407' title='bbox 1849 2726 2033 2787; x_wconf 79' lang='grc' dir='ltr'><strong><em>δύναμις</em></strong></span> <span class='ocrx_word' id='word_1_408' title='bbox 2052 2726 2084 2785; x_wconf 74' lang='grc' dir='ltr'><strong>ἤ</strong></span> <span class='ocrx_word' id='word_1_409' title='bbox 2106 2742 2164 2774; x_wconf 85' lang='grc' dir='ltr'><strong>σε</strong></span> <span class='ocrx_word' id='word_1_410' title='bbox 2184 2728 2317 2787; x_wconf 77' lang='grc' dir='ltr'><strong><em>κινεῖ,</em></strong></span> <span class='ocrx_word' id='word_1_411' title='bbox 2349 2726 2507 2785; x_wconf 73' lang='grc' dir='ltr'><strong><em>ὥσπερ</em></strong></span> <span class='ocrx_word' id='word_1_412' title='bbox 2538 2725 2589 2772; x_wconf 78' lang='grc' dir='ltr'><strong>ἐν</strong></span> <span class='ocrx_word' id='word_1_413' title='bbox 2615 2726 2680 2788; x_wconf 75' lang='grc' dir='ltr'><strong>τῇ</strong></span> <span class='ocrx_word' id='word_1_414' title='bbox 2707 2724 2836 2787; x_wconf 62' lang='grc' dir='ltr'><strong><em>λίθῳ,</em></strong></span> 
     </span>
     <span class='ocr_line' id='line_1_78' title="bbox 1779 2800 2841 2865; baseline -0.003 -13"><span class='ocrx_word' id='word_1_415' title='bbox 1779 2802 1838 2861; x_wconf 74' lang='grc' dir='ltr'><strong>ἡν</strong></span> <span class='ocrx_word' id='word_1_416' title='bbox 1859 2802 2100 2865; x_wconf 73' lang='grc' dir='ltr'><strong><em>Εὐριπίδης</em></strong></span> <span class='ocrx_word' id='word_1_417' title='bbox 2128 2801 2215 2863; x_wconf 76' lang='grc' dir='ltr'><strong>μὲν</strong></span> <span class='ocrx_word' id='word_1_418' title='bbox 2242 2804 2476 2863; x_wconf 51' lang='lat' dir='ltr'><strong>marm</strong></span> <span class='ocrx_word' id='word_1_419' title='bbox 2505 2800 2754 2862; x_wconf 71' lang='grc' dir='ltr'><strong><em>ὢνύμασεν,</em></strong></span> <span class='ocrx_word' id='word_1_420' title='bbox 2795 2801 2841 2849; x_wconf 73' lang='grc' dir='ltr'><strong>οἳ</strong></span> 
     </span>
     <span class='ocr_line' id='line_1_79' title="bbox 1775 2879 2838 2945; baseline -0.003 -15"><span class='ocrx_word' id='word_1_421' title='bbox 1775 2881 1827 2930; x_wconf 73' lang='grc' dir='ltr'><strong>δὲ</strong></span> <span class='ocrx_word' id='word_1_422' title='bbox 1860 2881 2036 2930; x_wconf 74' lang='grc' dir='ltr'><strong><em>πολλοὶ</em></strong></span> <span class='ocrx_word' id='word_1_423' title='bbox 2071 2881 2364 2945; x_wconf 76' lang='grc' dir='ltr'><strong>Ἡρακλείαν.</strong></span> <span class='ocrx_word' id='word_1_424' title='bbox 2400 2880 2478 2929; x_wconf 73' lang='grc' dir='ltr'><strong>καὶ</strong></span> <span class='ocrx_word' id='word_1_425' title='bbox 2515 2880 2612 2942; x_wconf 69' lang='grc' dir='ltr'><strong>’γὰρ</strong></span> <span class='ocrx_word' id='word_1_426' title='bbox 2645 2879 2768 2938; x_wconf 70' lang='grc' dir='ltr'><strong>αὕτη</strong></span> <span class='ocrx_word' id='word_1_427' title='bbox 2804 2880 2838 2939; x_wconf 75' lang='grc' dir='ltr'><strong><em>ἦ</em></strong></span> 
     </span>
     <span class='ocr_line' id='line_1_80' title="bbox 1775 2954 2838 3017; baseline -0.001 -10"><span class='ocrx_word' id='word_1_428' title='bbox 1775 2956 1904 3007; x_wconf 68' lang='grc' dir='ltr'><strong><em>λίθος</em></strong></span> <span class='ocrx_word' id='word_1_429' title='bbox 1941 2957 1998 3005; x_wconf 76' lang='grc' dir='ltr'><strong>οὐ</strong></span> <span class='ocrx_word' id='word_1_430' title='bbox 2033 2956 2174 3017; x_wconf 80' lang='grc' dir='ltr'><strong><em>μόνον</em></strong></span> <span class='ocrx_word' id='word_1_431' title='bbox 2211 2954 2377 3005; x_wconf 70' lang='grc' dir='ltr'><strong><em>οἴη-οὺς</em></strong></span> <span class='ocrx_word' id='word_1_432' title='bbox 2411 2954 2524 3004; x_wconf 76' lang='grc' dir='ltr'><strong><em>τοὺς</em></strong></span> <span class='ocrx_word' id='word_1_433' title='bbox 2559 2955 2838 3006; x_wconf 73' lang='grc' dir='ltr'><strong>δακτυλίους</strong></span> 
     </span>
     <span class='ocr_line' id='line_1_81' title="bbox 1775 3029 2834 3097; baseline -0.004 -14"><span class='ocrx_word' id='word_1_434' title='bbox 1775 3035 1882 3095; x_wconf 68' lang='grc' dir='ltr'><strong>ἄγει</strong></span> <span class='ocrx_word' id='word_1_435' title='bbox 1895 3033 2005 3083; x_wconf 72' lang='grc' dir='ltr'><strong><em>τοὺς</em></strong></span> <span class='ocrx_word' id='word_1_436' title='bbox 2027 3034 2252 3097; x_wconf 76' lang='grc' dir='ltr'><strong><em>σιδηροῦς,</em></strong></span> <span class='ocrx_word' id='word_1_437' title='bbox 2267 3031 2396 3081; x_wconf 70' lang='grc' dir='ltr'><strong><em>ἀλλὰ</em></strong></span> <span class='ocrx_word' id='word_1_438' title='bbox 2408 3029 2490 3079; x_wconf 70' lang='grc' dir='ltr'><strong>καὶ</strong></span> <span class='ocrx_word' id='word_1_439' title='bbox 2505 3030 2696 3091; x_wconf 75' lang='grc' dir='ltr'><strong><em>δύναμιν</em></strong></span> <span class='ocrx_word' id='word_1_440' title='bbox 2718 3032 2834 3080; x_wconf 70' lang='grc' dir='ltr'><strong><em>ἐντί·</em></strong></span> 
     </span>
     <span class='ocr_line' id='line_1_82' title="bbox 1775 3106 2834 3169; baseline -0.005 -10"><span class='ocrx_word' id='word_1_441' title='bbox 1775 3116 1881 3169; x_wconf 81' lang='grc' dir='ltr'><strong><em>θησι</em></strong></span> <span class='ocrx_word' id='word_1_442' title='bbox 1895 3112 1996 3159; x_wconf 75' lang='grc' dir='ltr'><strong><em>τοῖς</em></strong></span> <span class='ocrx_word' id='word_1_443' title='bbox 2017 3108 2294 3169; x_wconf 71' lang='grc' dir='ltr'><strong><em>δαισυλίοις,</em></strong></span> <span class='ocrx_word' id='word_1_444' title='bbox 2318 3108 2443 3157; x_wconf 71' lang='grc' dir='ltr'><strong>ὥστε</strong></span> <span class='ocrx_word' id='word_1_445' title='bbox 2457 3106 2673 3155; x_wconf 77' lang='grc' dir='ltr'><strong>δύνασθαι</strong></span> <span class='ocrx_word' id='word_1_446' title='bbox 2685 3107 2834 3155; x_wconf 65' lang='grc' dir='ltr'><strong><em>τοῦτο</em></strong></span> 
     </span>
     <span class='ocr_line' id='line_1_83' title="bbox 1773 3185 2838 3251; baseline -0.003 -13"><span class='ocrx_word' id='word_1_447' title='bbox 1773 3190 1916 3239; x_wconf 74' lang='grc' dir='ltr'><strong><em>τοῦτο</em></strong></span> <span class='ocrx_word' id='word_1_448' title='bbox 1937 3190 2100 3251; x_wconf 67' lang='grc' dir='ltr'><strong><em>ποιεῖν,</em></strong></span> <span class='ocrx_word' id='word_1_449' title='bbox 2133 3188 2244 3251; x_wconf 77' lang='grc' dir='ltr'><strong>ὅπερ</strong></span> <span class='ocrx_word' id='word_1_450' title='bbox 2275 3188 2306 3246; x_wconf 82' lang='grc' dir='ltr'><em>ἣ</em></span> <span class='ocrx_word' id='word_1_451' title='bbox 2336 3186 2481 3248; x_wconf 72' lang='grc' dir='ltr'><strong><em>λίθος,</em></strong></span> <span class='ocrx_word' id='word_1_452' title='bbox 2504 3185 2682 3236; x_wconf 67' lang='grc' dir='ltr'><strong><em>ἄλλους</em></strong></span> <span class='ocrx_word' id='word_1_453' title='bbox 2701 3185 2838 3248; x_wconf 67' lang='grc' dir='ltr'><strong><em>ἄγειν</em></strong></span> 
     </span>
     <span class='ocr_line' id='line_1_84' title="bbox 1772 3261 2836 3327; baseline -0.003 -13"><span class='ocrx_word' id='word_1_454' title='bbox 1772 3264 2064 3315; x_wconf 71' lang='grc' dir='ltr'><strong><em>δακτυλίους·</em></strong></span> <span class='ocrx_word' id='word_1_455' title='bbox 2099 3265 2212 3313; x_wconf 76' lang='grc' dir='ltr'><strong>ὥστ’</strong></span> <span class='ocrx_word' id='word_1_456' title='bbox 2249 3262 2394 3313; x_wconf 77' lang='grc' dir='ltr'><strong><em>ἐνίοτε</em></strong></span> <span class='ocrx_word' id='word_1_457' title='bbox 2428 3261 2632 3326; x_wconf 55' lang='lat' dir='ltr'><strong>§paudus-</strong></span> <span class='ocrx_word' id='word_1_458' title='bbox 2659 3262 2836 3327; x_wconf 73' lang='grc' dir='ltr'><strong><em>μακρὸς</em></strong></span> 
     </span>
     <span class='ocr_line' id='line_1_85' title="bbox 1769 3340 2835 3407; baseline -0.004 -15"><span class='ocrx_word' id='word_1_459' title='bbox 1769 3342 1894 3392; x_wconf 78' lang='grc' dir='ltr'><strong><em>πάνυ</em></strong></span> <span class='ocrx_word' id='word_1_460' title='bbox 1914 3341 2152 3407; x_wconf 73' lang='grc' dir='ltr'><strong><em>σιδηρείων</em></strong></span> <span class='ocrx_word' id='word_1_461' title='bbox 2171 3342 2426 3403; x_wconf 72' lang='grc' dir='ltr'><strong><em>δαρετυλίων</em></strong></span> <span class='ocrx_word' id='word_1_462' title='bbox 2443 3342 2493 3402; x_wconf 77' lang='grc' dir='ltr'><strong>ἐξ</strong></span> <span class='ocrx_word' id='word_1_463' title='bbox 2511 3340 2744 3398; x_wconf 75' lang='grc' dir='ltr'><strong><em>ἀλλήλων</em></strong></span> <span class='ocrx_word' id='word_1_464' title='bbox 2758 3341 2835 3404; x_wconf 77' lang='grc' dir='ltr'><strong>ἥρ-</strong></span> 
     </span>
     <span class='ocr_line' id='line_1_86' title="bbox 1769 3416 2835 3479; baseline 0 -12"><span class='ocrx_word' id='word_1_465' title='bbox 1769 3434 1924 3477; x_wconf 80' lang='grc' dir='ltr'><strong><em>τηται·</em></strong></span> <span class='ocrx_word' id='word_1_466' title='bbox 1948 3421 2064 3467; x_wconf 79' lang='grc' dir='ltr'><strong><em>πᾶσι</em></strong></span> <span class='ocrx_word' id='word_1_467' title='bbox 2084 3417 2134 3466; x_wconf 69' lang='grc' dir='ltr'><strong>δὲ</strong></span> <span class='ocrx_word' id='word_1_468' title='bbox 2148 3416 2328 3466; x_wconf 79' lang='grc' dir='ltr'><strong><em>τούτοις</em></strong></span> <span class='ocrx_word' id='word_1_469' title='bbox 2345 3418 2393 3479; x_wconf 76' lang='grc' dir='ltr'><strong>ἐξ</strong></span> <span class='ocrx_word' id='word_1_470' title='bbox 2408 3416 2580 3475; x_wconf 73' lang='grc' dir='ltr'><strong>ἐκείνης</strong></span> <span class='ocrx_word' id='word_1_471' title='bbox 2594 3419 2685 3475; x_wconf 75' lang='grc' dir='ltr'><strong>τῆς</strong></span> <span class='ocrx_word' id='word_1_472' title='bbox 2699 3417 2835 3467; x_wconf 74' lang='grc' dir='ltr'><strong><em>λίθου</em></strong></span> 
     </span>
     <span class='ocr_line' id='line_1_87' title="bbox 1769 3493 2830 3558; baseline -0.003 -15"><span class='ocrx_word' id='word_1_473' title='bbox 1769 3495 1802 3554; x_wconf 77' lang='grc' dir='ltr'>ἦ</span> <span class='ocrx_word' id='word_1_474' title='bbox 1829 3494 2018 3556; x_wconf 76' lang='grc' dir='ltr'><strong><em>δύναμις</em></strong></span> <span class='ocrx_word' id='word_1_475' title='bbox 2045 3494 2311 3558; x_wconf 75' lang='grc' dir='ltr'><strong>ἀνήρτηται.</strong></span> <span class='ocrx_word' id='word_1_476' title='bbox 2343 3494 2377 3543; x_wconf 91' lang='lat' dir='ltr'><strong>i.</strong></span> <span class='ocrx_word' id='word_1_477' title='bbox 2405 3508 2451 3544; x_wconf 86' lang='lat' dir='ltr'><strong>e.</strong></span> <span class='ocrx_word' id='word_1_478' title='bbox 2483 3494 2500 3521; x_wconf 90' lang='lat'>‘</span> <span class='ocrx_word' id='word_1_479' title='bbox 2519 3493 2712 3541; x_wconf 87' lang='lat' dir='ltr'><strong>Divina</strong></span> <span class='ocrx_word' id='word_1_480' title='bbox 2741 3508 2830 3541; x_wconf 86' lang='lat' dir='ltr'><strong>au·</strong></span> 
     </span>
     <span class='ocr_line' id='line_1_88' title="bbox 1771 3569 2833 3635; baseline -0.005 -13"><span class='ocrx_word' id='word_1_481' title='bbox 1771 3580 1876 3622; x_wconf 90' lang='lat' dir='ltr'><strong>tem</strong></span> <span class='ocrx_word' id='word_1_482' title='bbox 1902 3574 1976 3621; x_wconf 84' lang='lat' dir='ltr'><strong>vis</strong></span> <span class='ocrx_word' id='word_1_483' title='bbox 1997 3579 2078 3621; x_wconf 85' lang='lat' dir='ltr'><strong>est</strong></span> <span class='ocrx_word' id='word_1_484' title='bbox 2102 3588 2215 3635; x_wconf 84' lang='lat' dir='ltr'><strong>quae</strong></span> <span class='ocrx_word' id='word_1_485' title='bbox 2240 3579 2294 3620; x_wconf 90' lang='lat' dir='ltr'><strong>te</strong></span> <span class='ocrx_word' id='word_1_486' title='bbox 2329 3576 2519 3631; x_wconf 83' lang='lat' dir='ltr'><strong>movet,</strong></span> <span class='ocrx_word' id='word_1_487' title='bbox 2561 3569 2727 3633; x_wconf 84' lang='lat' dir='ltr'><strong>qualis</strong></span> <span class='ocrx_word' id='word_1_488' title='bbox 2751 3575 2833 3618; x_wconf 86' lang='lat' dir='ltr'><strong>est</strong></span> 
     </span>
     <span class='ocr_line' id='line_1_89' title="bbox 1771 3644 2828 3711; baseline -0.002 -16"><span class='ocrx_word' id='word_1_489' title='bbox 1771 3648 1823 3695; x_wconf 90' lang='lat' dir='ltr'><strong>in</strong></span> <span class='ocrx_word' id='word_1_490' title='bbox 1846 3662 1907 3697; x_wconf 92' lang='lat' dir='ltr'><strong>eo</strong></span> <span class='ocrx_word' id='word_1_491' title='bbox 1928 3647 2120 3711; x_wconf 86' lang='lat' dir='ltr'><strong>lapide,</strong></span> <span class='ocrx_word' id='word_1_492' title='bbox 2144 3662 2295 3711; x_wconf 90' lang='lat' dir='ltr'><strong>quem</strong></span> <span class='ocrx_word' id='word_1_493' title='bbox 2320 3646 2598 3708; x_wconf 84' lang='lat' dir='ltr'><strong>Euripides</strong></span> <span class='ocrx_word' id='word_1_494' title='bbox 2617 3644 2828 3709; x_wconf 79' lang='lat' dir='ltr'><strong>quidem</strong></span> 
     </span>
     <span class='ocr_line' id='line_1_90' title="bbox 1772 3721 2829 3785; baseline -0.002 -13"><span class='ocrx_word' id='word_1_495' title='bbox 1772 3724 2097 3785; x_wconf 68' lang='lat' dir='ltr'><strong>Magne-sium</strong></span> <span class='ocrx_word' id='word_1_496' title='bbox 2133 3722 2434 3783; x_wconf 83' lang='lat' dir='ltr'><strong>nominavit,</strong></span> <span class='ocrx_word' id='word_1_497' title='bbox 2467 3721 2704 3784; x_wconf 85' lang='lat' dir='ltr'><strong>plerique</strong></span> <span class='ocrx_word' id='word_1_498' title='bbox 2738 3736 2829 3770; x_wconf 83' lang='lat' dir='ltr'><strong>au-</strong></span> 
     </span>
     <span class='ocr_line' id='line_1_91' title="bbox 1769 3794 2827 3857; baseline -0.003 -12"><span class='ocrx_word' id='word_1_499' title='bbox 1769 3804 1875 3846; x_wconf 86' lang='lat' dir='ltr'><strong>tem</strong></span> <span class='ocrx_word' id='word_1_500' title='bbox 1910 3798 2236 3846; x_wconf 85' lang='lat' dir='ltr'><strong>Heracleum.</strong></span> <span class='ocrx_word' id='word_1_501' title='bbox 2271 3797 2353 3846; x_wconf 77' lang='lat' dir='ltr'><strong>nic</strong></span> <span class='ocrx_word' id='word_1_502' title='bbox 2389 3795 2522 3843; x_wconf 88' lang='lat' dir='ltr'><strong>enim</strong></span> <span class='ocrx_word' id='word_1_503' title='bbox 2560 3794 2694 3857; x_wconf 87' lang='lat' dir='ltr'><strong>lapis</strong></span> <span class='ocrx_word' id='word_1_504' title='bbox 2720 3808 2827 3843; x_wconf 85' lang='lat' dir='ltr'><strong>non</strong></span> 
     </span>
     <span class='ocr_line' id='line_1_92' title="bbox 1767 3869 2825 3937; baseline -0.002 -16"><span class='ocrx_word' id='word_1_505' title='bbox 1767 3874 1927 3921; x_wconf 71' lang='lat' dir='ltr'><strong>solium</strong></span> <span class='ocrx_word' id='word_1_506' title='bbox 1961 3874 2101 3937; x_wconf 87' lang='lat' dir='ltr'><strong>ipsos·</strong></span> <span class='ocrx_word' id='word_1_507' title='bbox 2138 3872 2348 3921; x_wconf 76' lang='lat' dir='ltr'><strong>annulos</strong></span> <span class='ocrx_word' id='word_1_508' title='bbox 2369 3869 2570 3921; x_wconf 84' lang='lat' dir='ltr'><strong>ferreos</strong></span> <span class='ocrx_word' id='word_1_509' title='bbox 2589 3870 2825 3929; x_wconf 85' lang='lat' dir='ltr'><strong>attrabit,</strong></span> 
     </span>
     <span class='ocr_line' id='line_1_93' title="bbox 1767 3949 2826 4009; baseline 0 -12"><span class='ocrx_word' id='word_1_510' title='bbox 1767 3964 1942 3998; x_wconf 84' lang='lat' dir='ltr'><strong>verum</strong></span> <span class='ocrx_word' id='word_1_511' title='bbox 1965 3952 2118 3999; x_wconf 85' lang='lat' dir='ltr'><strong>etiam</strong></span> <span class='ocrx_word' id='word_1_512' title='bbox 2141 3964 2250 3999; x_wconf 88' lang='lat' dir='ltr'><strong>eam</strong></span> <span class='ocrx_word' id='word_1_513' title='bbox 2276 3949 2375 3997; x_wconf 84' lang='lat' dir='ltr'><strong>vim</strong></span> <span class='ocrx_word' id='word_1_514' title='bbox 2399 3949 2582 3997; x_wconf 84' lang='lat' dir='ltr'><strong>inserit</strong></span> <span class='ocrx_word' id='word_1_515' title='bbox 2603 3950 2826 4009; x_wconf 83' lang='lat' dir='ltr'><strong>annulis,</strong></span> 
     </span>
     <span class='ocr_line' id='line_1_94' title="bbox 1766 4026 2824 4089; baseline -0.001 -15"><span class='ocrx_word' id='word_1_516' title='bbox 1766 4040 1862 4089; x_wconf 86' lang='lat' dir='ltr'><strong>per</strong></span> <span class='ocrx_word' id='word_1_517' title='bbox 1883 4041 2032 4089; x_wconf 87' lang='lat' dir='ltr'><strong>quam</strong></span> <span class='ocrx_word' id='word_1_518' title='bbox 2057 4026 2211 4085; x_wconf 87' lang='lat' dir='ltr'><strong>idem,</strong></span> <span class='ocrx_word' id='word_1_519' title='bbox 2236 4026 2369 4089; x_wconf 89' lang='lat' dir='ltr'><strong>quod</strong></span> <span class='ocrx_word' id='word_1_520' title='bbox 2397 4026 2526 4089; x_wconf 86' lang='lat' dir='ltr'><strong>lapis</strong></span> <span class='ocrx_word' id='word_1_521' title='bbox 2550 4026 2681 4088; x_wconf 86' lang='lat' dir='ltr'><strong>ipse,</strong></span> <span class='ocrx_word' id='word_1_522' title='bbox 2705 4038 2824 4087; x_wconf 88' lang='lat' dir='ltr'><strong>pos-</strong></span> 
     </span>
    </p>
   </div>
   <div class='ocr_carea' id='block_1_5' title="bbox 636 4100 2822 4397">
    <p class='ocr_par' dir='ltr' id='par_1_8' title="bbox 636 4100 2822 4397">
     <span class='ocr_line' id='line_1_95' title="bbox 640 4100 2822 4166; baseline -0.001 -14"><span class='ocrx_word' id='word_1_523' title='bbox 640 4110 762 4166; x_wconf 84' lang='lat' dir='ltr'><strong>tem,</strong></span> <span class='ocrx_word' id='word_1_524' title='bbox 804 4110 958 4165; x_wconf 87' lang='lat' dir='ltr'><strong>prout</strong></span> <span class='ocrx_word' id='word_1_525' title='bbox 981 4101 1044 4150; x_wconf 89' lang='lat' dir='ltr'><strong>ad</strong></span> <span class='ocrx_word' id='word_1_526' title='bbox 1078 4100 1374 4162; x_wconf 82' lang='lat' dir='ltr'><strong>Magnetem</strong></span> <span class='ocrx_word' id='word_1_527' title='bbox 1398 4102 1690 4163; x_wconf 84' lang='lat' dir='ltr'><strong>appositum</strong></span> <span class='ocrx_word' id='word_1_528' title='bbox 1763 4103 1866 4151; x_wconf 90' lang='lat' dir='ltr'><strong>sint</strong></span> <span class='ocrx_word' id='word_1_529' title='bbox 1889 4100 2114 4164; x_wconf 83' lang='lat' dir='ltr'><strong>efficere,</strong></span> <span class='ocrx_word' id='word_1_530' title='bbox 2139 4115 2323 4163; x_wconf 86' lang='lat' dir='ltr'><strong>nempe</strong></span> <span class='ocrx_word' id='word_1_531' title='bbox 2347 4101 2474 4149; x_wconf 87' lang='lat' dir='ltr'><strong>alios</strong></span> <span class='ocrx_word' id='word_1_532' title='bbox 2497 4102 2711 4153; x_wconf 86' lang='lat' dir='ltr'><strong>annulos</strong></span> <span class='ocrx_word' id='word_1_533' title='bbox 2729 4102 2822 4150; x_wconf 85' lang='lat' dir='ltr'><strong>du·</strong></span> 
     </span>
     <span class='ocr_line' id='line_1_96' title="bbox 636 4174 2820 4242; baseline 0.001 -17"><span class='ocrx_word' id='word_1_534' title='bbox 636 4176 816 4237; x_wconf 86' lang='lat' dir='ltr'><strong>fuerit,</strong></span> <span class='ocrx_word' id='word_1_535' title='bbox 848 4178 1000 4225; x_wconf 89' lang='lat' dir='ltr'><strong>docet</strong></span> <span class='ocrx_word' id='word_1_536' title='bbox 1031 4190 1132 4224; x_wconf 89' lang='lat' dir='ltr'><strong>non</strong></span> <span class='ocrx_word' id='word_1_537' title='bbox 1175 4187 1320 4237; x_wconf 77' lang='lat' dir='ltr'><strong>posse</strong></span> <span class='ocrx_word' id='word_1_538' title='bbox 1356 4174 1408 4223; x_wconf 90' lang='lat' dir='ltr'><strong>id</strong></span> <span class='ocrx_word' id='word_1_539' title='bbox 1440 4174 1571 4235; x_wconf 84' lang='lat' dir='ltr'><strong>fieri,</strong></span> <span class='ocrx_word' id='word_1_540' title='bbox 1594 4176 1688 4224; x_wconf 88' lang='lat' dir='ltr'><strong>nisi</strong></span> <span class='ocrx_word' id='word_1_541' title='bbox 1761 4194 1912 4228; x_wconf 87' lang='lat' dir='ltr'><strong>cere:</strong></span> <span class='ocrx_word' id='word_1_542' title='bbox 1949 4180 2042 4242; x_wconf 88' lang='lat' dir='ltr'><strong>ita,</strong></span> <span class='ocrx_word' id='word_1_543' title='bbox 2083 4183 2142 4227; x_wconf 89' lang='lat' dir='ltr'><strong>ut</strong></span> <span class='ocrx_word' id='word_1_544' title='bbox 2177 4178 2434 4227; x_wconf 86' lang='lat' dir='ltr'><strong>interdum</strong></span> <span class='ocrx_word' id='word_1_545' title='bbox 2469 4178 2623 4241; x_wconf 84' lang='lat' dir='ltr'><strong>longa</strong></span> <span class='ocrx_word' id='word_1_546' title='bbox 2646 4178 2820 4228; x_wconf 82' lang='lat' dir='ltr'><strong>admo-</strong></span> 
     </span>
     <span class='ocr_line' id='line_1_97' title="bbox 638 4250 2820 4317; baseline -0.002 -12"><span class='ocrx_word' id='word_1_547' title='bbox 638 4254 840 4304; x_wconf 85' lang='lat' dir='ltr'><strong>ratione</strong></span> <span class='ocrx_word' id='word_1_548' title='bbox 873 4251 1072 4300; x_wconf 87' lang='lat' dir='ltr'><strong>inducti</strong></span> <span class='ocrx_word' id='word_1_549' title='bbox 1114 4250 1283 4311; x_wconf 83' lang='lat' dir='ltr'><strong>vacui,</strong></span> <span class='ocrx_word' id='word_1_550' title='bbox 1323 4250 1372 4298; x_wconf 90' lang='lat' dir='ltr'><strong>in</strong></span> <span class='ocrx_word' id='word_1_551' title='bbox 1414 4250 1549 4313; x_wconf 84' lang='lat' dir='ltr'><strong>quod</strong></span> <span class='ocrx_word' id='word_1_552' title='bbox 1574 4266 1688 4299; x_wconf 85' lang='lat' dir='ltr'><strong>cor·</strong></span> <span class='ocrx_word' id='word_1_553' title='bbox 1759 4256 1878 4302; x_wconf 86' lang='lat' dir='ltr'><strong>dum</strong></span> <span class='ocrx_word' id='word_1_554' title='bbox 1904 4255 2080 4313; x_wconf 81' lang='lat' dir='ltr'><strong>series,</strong></span> <span class='ocrx_word' id='word_1_555' title='bbox 2114 4254 2366 4317; x_wconf 82' lang='lat' dir='ltr'><strong>longaque</strong></span> <span class='ocrx_word' id='word_1_556' title='bbox 2397 4260 2582 4301; x_wconf 89' lang='lat' dir='ltr'><strong>catena</strong></span> <span class='ocrx_word' id='word_1_557' title='bbox 2604 4254 2820 4301; x_wconf 87' lang='lat' dir='ltr'><strong>annulo·</strong></span> 
     </span>
     <span class='ocr_line' id='line_1_98' title="bbox 637 4327 2818 4397; baseline -0.002 -14"><span class='ocrx_word' id='word_1_558' title='bbox 637 4346 783 4397; x_wconf 86' lang='lat' dir='ltr'><strong>pora,</strong></span> <span class='ocrx_word' id='word_1_559' title='bbox 818 4329 1043 4393; x_wconf 87' lang='lat' dir='ltr'><strong>alioquin</strong></span> <span class='ocrx_word' id='word_1_560' title='bbox 1066 4327 1301 4379; x_wconf 85' lang='lat' dir='ltr'><strong>deorsum</strong></span> <span class='ocrx_word' id='word_1_561' title='bbox 1321 4328 1482 4378; x_wconf 88' lang='lat' dir='ltr'><strong>solum</strong></span> <span class='ocrx_word' id='word_1_562' title='bbox 1516 4330 1686 4391; x_wconf 88' lang='lat' dir='ltr'><strong>prola·</strong></span> <span class='ocrx_word' id='word_1_563' title='bbox 1756 4344 1868 4380; x_wconf 83' lang='lat' dir='ltr'><strong>rum</strong></span> <span class='ocrx_word' id='word_1_564' title='bbox 1907 4329 2192 4381; x_wconf 83' lang='lat' dir='ltr'><strong>ferreorum</strong></span> <span class='ocrx_word' id='word_1_565' title='bbox 2229 4330 2366 4381; x_wconf 88' lang='lat' dir='ltr'><strong>inter</strong></span> <span class='ocrx_word' id='word_1_566' title='bbox 2395 4344 2452 4379; x_wconf 88' lang='lat' dir='ltr'><strong>se</strong></span> <span class='ocrx_word' id='word_1_567' title='bbox 2473 4337 2595 4392; x_wconf 84' lang='lat' dir='ltr'><strong>apta</strong></span> <span class='ocrx_word' id='word_1_568' title='bbox 2618 4336 2674 4379; x_wconf 86' lang='lat' dir='ltr'><strong>et</strong></span> <span class='ocrx_word' id='word_1_569' title='bbox 2697 4344 2818 4379; x_wconf 90' lang='lat' dir='ltr'><strong>cou-</strong></span> 
     </span>
    </p>
   </div>
  </div>
 </body>
</html>
