3200 4959
604 392 672 441 T.
723 391 1080 442 Lucassru
1123 392 1304 441 CARI
1351 394 1450 441 DE
1498 389 1767 443 RERUM
1817 392 1995 442 NAT.
2046 392 2191 440 Lm.
2238 391 2336 439 lv.

403 536 624 587 lalarnm
643 536 900 591 linearum
923 542 1101 599 partas
1123 535 1192 587 ab
1214 535 1466 601 adspectu

409 613 710 664 remotiores
731 613 798 662 ad
813 622 1102 663 extremum
1118 612 1229 663 fere
1247 626 1466 663 concur·

409 699 528 739 rere
556 687 830 737 videntur:
867 688 1003 753 quod
1031 688 1104 737 sic
1143 688 1463 737 demonstra·

407 771 508 813 tnr.
575 762 806 814 Primum
829 762 982 812 lineae
1007 764 1269 827 parallelae
1293 764 1464 827 plures

403 840 624 891 eandem
655 840 950 891 necessario
984 841 1078 889 soli
1099 854 1191 889 seu
1231 838 1467 902 planitiei

401 916 794 967 extremitatem
841 922 1122 978 occupant.
1191 916 1466 979 Fingamus

402 990 583 1054 igitur,
628 990 758 1040 duas
811 991 980 1040 lineas
1034 992 1308 1054 parallelas
1355 1002 1467 1043 esne

406 1070 614 1115 centum
649 1065 812 1131 pedes
843 1066 1041 1129 longas,
1066 1072 1224 1130 atque
1251 1067 1390 1117 inter
1411 1081 1467 1116 se

404 1140 603 1192 distare
628 1142 786 1205 pedes
809 1142 1011 1191 decem.
1041 1142 1297 1193 ducantur
1315 1143 1465 1193 linem

405 1215 586 1279 decem
624 1224 931 1267 transversae
966 1217 1033 1267 ab
1069 1217 1230 1265 altera
1265 1218 1466 1267 illan-nm

407 1290 622 1345 duarum
647 1293 1008 1355 parallelarum
1044 1293 1094 1341 in
1116 1294 1350 1343 alteram.
1385 1294 1465 1343 11ae

409 1368 618 1430 singulm
639 1368 840 1417 scilicet
868 1376 1023 1417 erunt
1055 1368 1193 1418 inter
1215 1382 1271 1417 se
1296 1382 1466 1432 aequa-

407 1444 574 1504 les,et
594 1443 755 1490 denos
781 1442 940 1505 pedes
964 1444 1153 1506 longae.
1223 1444 1352 1493 Esto
1373 1443 1468 1506 igi-

409 1522 494 1565 tur
515 1518 694 1566 oculus
719 1518 770 1565 in
791 1532 989 1567 summa
1014 1525 1166 1584 parte
1187 1518 1338 1581 huJus
1360 1518 1468 1581 pla·

405 1594 574 1655 nitiei,
597 1594 646 1642 in
671 1610 771 1658 qua
805 1602 957 1657 parte
993 1594 1152 1643 dueta
1185 1600 1268 1643 est
1301 1594 1471 1657 prima

406 1670 544 1719 linea
589 1678 900 1719 transversa.
981 1670 1138 1732 Dico,
1189 1670 1466 1719 secundam

403 1744 612 1808 lineam,
636 1761 752 1809 quae
775 1752 856 1795 est
876 1746 1023 1795 oculo
1047 1745 1302 1808 proxima,
1323 1745 1466 1808 (nam

406 1821 623 1886 primaru¹
667 1835 770 1871 non
824 1836 1060 1883 numero,
1100 1836 1217 1885 quoe
1261 1822 1467 1873 oculum

408 1898 623 1961 tangit,)
638 1898 686 1946 ei
709 1898 796 1963 qni
819 1898 1010 1957 cernit,
1023 1898 1306 1961 longiorem
1325 1897 1468 1949 vide-

407 1974 451 2023 ri
484 1975 666 2033 tertia,
686 1982 740 2022 et
773 1962 982 2023 tertia'm
1019 1980 1220 2037 quarta,
1241 1978 1296 2021 et
1317 1988 1468 2036 qnar-

407 2056 514 2097 tam
548 2048 749 2113 quinta,
771 2054 826 2097 et
845 2048 920 2098 ita
939 2048 1202 2113 deinceps.
1235 2047 1385 2110 adeo,
1407 2056 1467 2099 ut

407 2123 590 2171 ultima
629 2123 766 2171 linea
815 2130 1108 2173 transversa
1145 2131 1202 2174 et
1243 2124 1466 2187 decima,

404 2212 521 2261 qnae
558 2197 624 2247 ab
663 2199 814 2247 oculo
843 2199 1182 2249 remotissima
1214 2206 1315 2260 est,
1353 2198 1466 2247 bre·

405 2274 613 2323 vissima
637 2274 893 2323 videatur.
927 2276 1068 2339 cujus
1103 2276 1176 2325 rei
1210 2276 1344 2325 ratio
1366 2282 1467 2337 esi,

404 2346 565 2413 quod,
584 2364 684 2413 qno
705 2364 924 2413 qnaeque
945 2351 1244 2415 magnitudo
1268 2368 1298 2402 a
1320 2353 1466 2402 nobis

406 2425 610 2489 longius
649 2424 820 2487 abest,
860 2441 926 2476 eo
959 2426 1336 2493 angulum,²qui
1371 2428 1466 2478 sub

405 2501 610 2551 oculum
664 2502 823 2566 cadit,
877 2502 1040 2555 efficit
1094 2506 1370 2555 minorem:
1412 2511 1468 2554 et

407 2580 610 2638 contra,
631 2590 731 2639 quo
753 2593 971 2643 quaeqne
1003 2580 1304 2645 magnitudo
1328 2596 1359 2630 a
1382 2597 1468 2632 no·

405 2651 486 2701 bis
523 2653 740 2715 propius
779 2654 945 2717 abest,
983 2667 1048 2703 eo
1079 2658 1341 2721 angulum,
1381 2660 1468 2723 qui

401 2727 504 2782 snb
551 2729 756 2778 oculum
799 2730 960 2791 cadit,
1001 2730 1160 2781 habet
1201 2733 1466 2797 majorem.

409 2817 476 2852 ex
495 2818 600 2867 qno
613 2806 870 2867 sequitur,
890 2807 1300 2869 magnitudinem
1317 2814 1465 2859 tanto

406 2880 559 2927 nobis
583 2880 743 2929 videri
761 2882 1240 2945 majoi·em„quanto
1264 2899 1295 2931 a
1315 2883 1464 2933 nobis

407 2953 621 3017 propius
664 2954 841 3005 abest:
879 2963 936 3006 et
974 2965 1174 3019 contra,
1206 2965 1354 3007 tanto
1393 2960 1466 3009 vi·

409 3029 521 3077 deri
553 3030 823 3091 minorem,
848 3040 1044 3096 quanto
1083 3034 1334 3083 remotior
1365 3042 1465 3087 est.

406 3105 494 3155 Sic
535 3104 616 3167 fit,
649 3112 705 3154 nt
745 3114 977 3156 extrema
1019 3113 1076 3157 et
1117 3109 1466 3161 remotissima

402 3194 528 3245 pars
566 3189 824 3239 tectorum
862 3183 1087 3246 porticus
1107 3184 1270 3232 solum
1301 3199 1464 3248 prope

408 3262 643 3319 tangere,
665 3265 722 3307 et
744 3258 930 3307 dexter
954 3260 1122 3322 paries
1143 3261 1274 3309 laevo
1288 3259 1466 3309 confu-

409 3346 495 3393 sus
517 3347 630 3381 esse
653 3333 911 3385 videatur.
975 3335 1144 3385 Lamb.

472 3412 568 3457 483
607 3411 773 3458 Donec
808 3411 860 3459 in
896 3409 1159 3475 obscurum,
1189 3410 1298 3473 δια]
1331 3412 1465 3460 Nam

407 3497 521 3533 cnm
545 3489 743 3533 tectum
763 3486 1099 3547 descendere,
1117 3486 1464 3549 pavimentum

403 3568 640 3623 surgere,
672 3570 728 3611 et
767 3562 995 3626 parietes
1044 3576 1359 3612 concurrere
1399 3561 1468 3610 vi·

405 3636 647 3699 deantur,
671 3638 722 3685 in
756 3644 960 3689 acutum
998 3653 1183 3688 conum
1219 3652 1466 3701 prospec-

405 3719 490 3773 ‚tns
513 3713 720 3765 desinat
739 3728 952 3763 necesse
973 3721 1074 3764 est.
1145 3713 1338 3763 (ἔνιοι-ὴ.

474 3790 739 3853 conduxit]
773 3789 1038 3852 zvvhyaye.
1107 3791 1274 3841 Lamb-

467 3854 564 3915 4:55
616 3868 848 3931 Condere]
903 3865 1260 3929 Abscondere,
1299 3863 1466 3915 occul:-

405 3947 541 3993 tare.
604 3942 771 3990 Lami».-

466 4024 562 4068 437
603 4022 678 4068 Ne
721 4021 888 4069 leviter
937 4018 1124 4081 credas]
1157 4019 1242 4068 Sic
1292 4018 1466 4082 >legens

403 4095 546 4156 dum,
569 4104 626 4146 et
649 4096 724 4145 ita
746 4098 999 4158 scriptum
1023 4103 1107 4145 est
1124 4096 1174 4143 in
1198 4095 1342 4144 libris
1366 4100 1466 4145 maz

404 4184 576 4222 unser.
602 4177 794 4233 non‚·ut
829 4172 881 4219 in
907 4171 1150 4233 vulgatis,
1169 4183 1254 4219 mo
1283 4171 1464 4221 leviter.

407 4245 616 4317 Pendet
657 4250 826 4307 autem
865 4246 947 4295 hic
979 4260 1158 4295 versus
1197 4261 1228 4294 a
1265 4246 1463 4309 superi·

2423 376 2597 443 1378

1539 548 1651 597 ore,
1674 542 1731 586 et
1748 550 1809 585 ne
1828 535 1967 585 idem
1990 534 2131 585 valet
2152 532 2301 599 qnod
2320 541 2381 584 nt
2400 548 2489 591 ne,
2510 538 2597 587 vel

1539 618 1597 661 ut
1620 626 1758 673 non3
1793 611 2011 676 proinde
2036 626 2099 663 ae
2120 610 2165 660 sl
2182 611 2257 661 ita
2279 610 2454 660 dieat:
2492 625 2597 663 non

1537 692 1619 737 est
1636 688 1837 750 mirum,
1858 688 1903 737 si
1918 688 2089 737 nantis
2109 687 2187 737 ool
2206 686 2261 736 in
2282 686 2433 737 undis
2448 686 2599 737 obire

1537 770 1592 812 et
1633 762 1877 813 occidere
1931 761 2191 824 videatur,
2232 763 2427 827 quippe
2479 776 2596 811 eum

1540 842 1734 903 proeter
1771 838 1957 889 calum
1994 844 2050 888 ot
2094 853 2277 903 aquam
2316 838 2443 888 nihil
2484 852 2597 887 eer-

1539 920 1685 977 nant‚
1706 927 1771 964 na
1790 913 1929 965 forta
1960 913 2149 965 leviter
2178 928 2239 963 ae
2263 918 2463 963 temne
2484 928 2601 963 cre-

1540 989 1639 1041 das
1650 1003 1739 1039 sen
1746 1004 1830 1039 sna
1842 988 2071 1054 undique
2084 988 2407 1041 labefactari.
2428 990 2597 1041 M.

1540 1066 1621 1117 Ne
1658 1066 1825 1115 leviter
1854 1068 2035 1117 credam
2069 1065 2155 1114 Ita
2192 1066 2247 1115 in
2287 1074 2395 1117 vet.
2432 1068 2599 1119 iibri·-

1542 1142 1832 1205 Vulg.Nee.
1850 1144 2003 1193 male.
2074 1142 2245 1205 Giton.

1602 1221 1700 1267 4⁸8
1739 1218 1801 1267 Ae
1824 1220 1971 1269 maris
1998 1219 2203 1281 ignaris,
2223 1218 2333 1283 qm]
2366 1220 2425 1269 ln
2460 1221 2599 1271 omni

1539 1305 1594 1341 re
1616 1292 1877 1342 cernenda
1910 1299 2003 1343 aut
2032 1294 2163 1344 radii
2194 1294 2261 1345 ab
2286 1296 2449 1345 oeulis
2477 1297 2603 1347 inci·

1539 1369 1673 1419 dunt
1704 1368 1961 1420 duntaxat
1993 1370 2045 1419 ln
2081 1384 2191 1419 rem
2211 1371 2393 1430 visam,
2428 1386 2601 1435 qnam·

1540 1445 1618 1494 vis
1642 1446 1771 1493 tales
1806 1444 1941 1494 radii
1974 1459 2077 1495 non
2104 1446 2211 1495 sint
2246 1458 2401 1496 eausa
2429 1447 2602 1507 visun

1540 1527 1596 1568 et
1618 1519 1701 1569 hie
1726 1520 1861 1569 visus
1880 1519 1943 1571 fit
1961 1531 2107 1571 reeta
2123 1536 2221 1586 per
2238 1537 2393 1573 unum
2411 1536 2600 1586 eorpus

1541 1593 1823 1657 diaplianes
1844 1610 1937 1643 seu
1954 1595 2305 1659 pellucidnm3
2334 1606 2423 1647 aut
2453 1598 2603 1661 radii,

1541 1672 1629 1735 qni
1666 1672 1733 1721 ab
1775 1673 1935 1721 oculis
1976 1674 2028 1721 in
2067 1688 2185 1723 rem
2212 1673 2373 1723 vitam
2406 1674 2625 1724 int-ideo·

1540 1753 1683 1810 runt,
1740 1745 2079 1797 reflectuntur
2131 1749 2185 1797 in
2238 1750 2449 1798 oculos:
2508 1754 2603 1799 aut

1537 1820 1695 1871 iidem
1717 1823 1795 1873 illi
1818 1823 1951 1873 radii
1972 1822 2301 1887 franguntur.
2353 1824 2602 1875 Incidunt

1540 1895 1797 1947 duntaxat
1839 1899 1891 1947 in
1932 1912 2041 1947 rem
2088 1899 2269 1962 visam,
2300 1912 2419 1949 eum
2452 1900 2601 1949 verbi

1541 1973 1728 2034 gratia,
1770 1987 1983 2035 equum,
2020 1979 2113 2022 aut
2145 1984 2349 2035 eorpus·
2374 1974 2601 2037 aliquod,

1541 2054 1633 2096 aut
1654 2048 1879 2097 colorem
1902 2049 1957 2097 in
1980 2061 2197 2111 corpore
2230 2061 2333 2097 non
2350 2048 2488 2109 levi,
2510 2056 2603 2101 aut

1539 2122 1582 2171 si
1616 2123 1755 2184 laevi,
1786 2137 1889 2173 non
1925 2130 2097 2173 tamen
2133 2124 2295 2173 denso
2326 2124 2604 2176 cernimus.

1541 2196 1885 2249 reflectuntur
1914 2199 2065 2261 radii,
2088 2210 2205 2249 cnm
2238 2200 2525 2263 speculum,
2548 2198 2603 2250 id

1541 2281 1641 2334 est,
1663 2286 1851 2336 corpus
1890 2273 2099 2338 aliquod
2137 2274 2353 2337 politum
2386 2282 2444 2324 et
2475 2273 2605 2324 den-

1539 2362 1651 2397 snm
1686 2350 1961 2399 cernimus.
1991 2348 2322 2413 franguntur,
2342 2362 2457 2399 cum
2491 2362 2601 2399 rem

1541 2423 1765 2487 aliquam
1786 2438 1881 2487 per
1904 2426 2055 2487 plura
2080 2440 2305 2490 corpora
2324 2426 2605 2490 pellucida,

1541 2501 1689 2549 verbi
1728 2501 1916 2565 gratia,
1954 2515 2049 2564 per
2090 2501 2281 2565 aerem,
2306 2509 2363 2551 et
2390 2502 2601 2564 vitrum,

1543 2584 1635 2625 aut
1673 2592 1855 2640 aquam
1899 2579 2170 2627 cernimus.
2235 2578 2390 2629 Quod
2444 2578 2602 2641 igitur

1539 2650 1672 2701 dicit
1693 2652 1781 2702 hic
1804 2654 2017 2703 Lucret.
2050 2654 2209 2703 maris
2236 2654 2431 2716 ignaris
2462 2656 2604 2705 navi·

1540 2728 1630 2791 gia
1648 2728 1701 2776 in
1723 2737 1876 2791 portu
1900 2728 2102 2791 clauda,
2121 2734 2179 2778 et
2206 2742 2321 2777 eam
2344 2742 2601 2779 remorum

1541 2810 1763 2866 partem,
1782 2818 1900 2869 qnae
1924 2806 1977 2852 in
1998 2804 2129 2853 mari
2162 2817 2329 2853 mersa
2350 2810 2451 2867 est,
2472 2801 2606 2853 frana

1541 2888 1648 2929 tam
1679 2888 1734 2929 et
1770 2895 1983 2930 curvam
2004 2880 2207 2942 videri;
2240 2880 2283 2929 is
2306 2894 2450 2931 error
2480 2896 2603 2931 ocu·

1540 2959 1701 3006 lorum
1724 2958 1955 3007 nascitur
1972 2972 2037 3006 ex
2060 2956 2217 3007 tertio
2234 2957 2479 3007 cernendi
2496 2970 2602 3005 mo-

1539 3033 1629 3091 do,
1653 3032 1739 3097 qui
1762 3031 1825 3082 fit
1858 3047 1955 3096 per
1994 3033 2095 3083 duo
2132 3046 2353 3097 corpora
2388 3034 2607 3094 διαφανῆ,

1539 3124 1753 3173 qnorum
1772 3110 1991 3157 alterum
2010 3109 2079 3157 sit
2091 3110 2253 3170 magis
2268 3107 2607 3172 pellucidum,

1541 3199 1693 3247 quam
1717 3185 1936 3233 alterum
1958 3196 1971 3229 ε
2008 3190 2067 3229 ut
2089 3181 2178 3230 ιιὲι·
2200 3182 2365 3243 magis
2390 3181 2602 3243 pelluci-

1541 3259 1638 3307 dns
1677 3264 1778 3319 est,
1813 3272 1965 3320 quam
2009 3270 2176 3319 aquae
2222 3268 2359 3320 aqua
2395 3255 2605 3305 densior

1541 3339 1625 3381 est
1642 3331 1778 3381 aere.
1845 3332 1979 3380 Nam
2002 3344 2117 3380 cum
2130 3331 2297 3393 (verbi
2320 3330 2511 3394 gratia)
2528 3344 2603 3379 re·

1541 3420 1678 3455 mum
1723 3420 1816 3455 seu
1862 3408 2039 3467 potius
2082 3407 2209 3455 remi
2264 3415 2465 3469 partem
2490 3408 2602 3455 “sub

1541 3497 1675 3547 aqna
1696 3483 1972 3543 cernimus,
1987 3496 2103 3530 eam
2126 3482 2252 3530 remi
2276 3488 2479 3545 partem
2502 3494 2601 3529 non

1542 3564 1705 3617 recte,
1750 3558 1841 3606 sed
1882 3557 2089 3625 oblique
2124 3556 2400 3619 cernimus,
2435 3570 2602 3619 neque

1542 3633 1657 3697 ipsa
1676 3633 1805 3683 remi
1830 3647 1950 3696 pars
1972 3646 2029 3681 re
2048 3646 2173 3681 vera
2203 3632 2433 3681 cernitur
2464 3632 2517 3680 in
2541 3646 2603 3681 eo

1543 3724 1763 3773 corpore
1798 3708 2079 3773 pellucido,
2112 3708 2249 3773 quod
2284 3714 2365 3757 est
2392 3708 2601 3759 densius

1543 3784 1682 3841 aere,
1720 3784 1813 3833 sed
1854 3786 2025 3847 imago
2064 3790 2121 3833 et
2156 3784 2437 3835 similitudo
2472 3785 2602 3834 dnn·

1543 3867 1709 3925 taxat,
1732 3861 1855 3926 quia
1876 3861 2011 3909 linea
2034 3876 2066 3909 a
2087 3873 2145 3909 re
2170 3860 2282 3921 visa
2304 3875 2405 3910 non
2426 3859 2604 3911 reflec-

1543 3936 1673 3985 titur
1706 3943 1853 3986 recta
1884 3935 1950 3984 ad
1984 3936 2211 3997 oculum,
2241 3934 2333 3988 sed
2357 3936 2409 3983 in
2431 3944 2603 3987 extro»

1543 4012 1726 4063 mitate
1779 4011 1995 4062 secundi
2052 4011 2285 4075 corporis
2340 4011 2606 4075 pellucidi,

1540 4104 1729 4153 nempe
1768 4102 1937 4153 aqnae,
1982 4086 2303 4151 refringitur.
2368 4088 2483 4139 Quo
2520 4088 2601 4150 fit,

1544 4173 1602 4215 ut
1625 4166 1803 4214 oculus
1839 4180 1946 4213 rem
1983 4179 2087 4214 non
2126 4178 2217 4213 suo
2252 4165 2367 4213 loeo
2402 4171 2603 4226 cernat,

1541 4244 1632 4295 sed
1658 4244 1792 4305 alio;
1823 4244 1979 4297 immo
2000 4258 2101 4293 non
2125 4256 2231 4292 rem
2256 4243 2439 4306 ipsam,
2454 4242 2603 4305 quip-
2656 4273 2668 4277 —
