3200 4959
596 422 770 492 1494
1300 433 1515 486 Norat
1562 425 1962 484 vammum
2010 431 2092 481 m

591 575 795 650 aquam,
830 581 999 632 aerem
1030 587 1086 632 et
1106 580 1277 644 ignem
1300 578 1518 630 subinde
1540 569 1647 626 muss

586 662 712 723 tari,
734 659 1010 724 aliquando
1031 658 1263 719 diminui,
1282 665 1335 706 et
1358 655 1545 707 deinde
1568 669 1648 704 re-

587 736 710 797 fici;
745 734 1019 784 dicendum
1052 741 1135 783 est
1158 741 1323 784 totam
1346 743 1646 794 compagem

590 825 703 860 esse
728 811 925 872 pariter
947 811 1233 858 mortalem.
1272 809 1465 858 Creech.

652 889 750 936 237
794 887 947 935 Lenes
981 885 1179 948 enimse]
1226 885 1403 934 Venti.
1445 883 1650 947 profert

588 963 725 1012 hunc
749 976 950 1010 versum
975 960 1193 1011 Nonius.
1256 959 1344 1008 Sic
1384 959 1516 1008 Hor.
1542 957 1648 1008 Od.

589 1042 638 1087 4.
680 1043 761 1088 12.
794 1043 843 1087 2.
890 1039 905 1065 ‘
934 1037 1217 1101 Impellunt
1261 1037 1445 1086 animas
1486 1037 1652 1085 lintea

589 1111 865 1162 Thraciae!
906 1112 1070 1162 Lomb.

655 1193 754 1237 240
780 1189 938 1237 Debet
960 1191 1116 1237 eodem
1136 1187 1309 1250 omnis]
1343 1187 1429 1235 Ita
1445 1193 1651 1235 veteres

590 1264 773 1324 nostri,
788 1270 929 1312 recte
938 1264 1135 1322 Eodem,
1149 1276 1222 1311 sc.
1238 1275 1475 1324 corpore.
1495 1261 1652 1323 Vulg.

586 1341 721 1389 etin
756 1340 1057 1404 quibusdam
1088 1339 1265 1389 libris:
1300 1340 1453 1388 omnia
1474 1339 1652 1387 eadem.

588 1416 871 1466 Lambinus
888 1417 1047 1466 malet
1073 1421 1176 1466 tota
1196 1419 1373 1466 eadem.
1398 1415 1652 1466 Gifanius.

590 1493 745 1541 Debet
765 1497 867 1542 tota
887 1485 1065 1542 eadem.
1116 1493 1201 1541 Sic
1218 1491 1423 1540 restitui
1444 1491 1650 1553 conjec-

590 1573 709 1616 tura
752 1568 958 1627 ductus,
1006 1581 1121 1617 eum
1167 1568 1220 1616 in
1265 1566 1461 1615 duobus
1506 1565 1650 1615 libris

590 1635 847 1691 manuscr.
874 1643 1200 1704 reperissem,
1226 1641 1381 1689 Debet
1400 1641 1553 1689 omnin
1574 1655 1650 1687 ea-

593 1719 714 1765 dem.
746 1717 905 1765 omnia
941 1715 1076 1765 enim
1113 1714 1309 1764 factum
1344 1724 1426 1765 est
1460 1730 1525 1764 ex
1546 1717 1650 1778 οῖα;

592 1793 689 1854 οἵα,
708 1807 773 1840 ex
788 1797 900 1850 otiu
920 1797 1016 1854 ota,
1030 1806 1098 1842 ex
1114 1797 1215 1842 tota
1230 1807 1249 1850 ‚·
1266 1796 1288 1839 t
1308 1800 1481 1842 autem
1498 1793 1652 1841 omis·

592 1883 705 1920 sum
753 1884 785 1917 a
826 1868 1037 1919 librario
1089 1876 1305 1932 propter
1348 1869 1565 1918 alterum
1611 1873 1652 1928 t,

592 1945 729 2010 quod
751 1946 1035 1998 antecedit.
1075 1947 1228 1996 Hanc
1244 1944 1650 1994 emendationem

590 2035 693 2070 non
733 2022 975 2084 probavit
992 2022 1205 2072 Thraso·
1270 2023 1549 2071 Videamus
1569 2037 1652 2071 ec·

593 2111 745 2160 quam
768 2095 951 2147 afferat
974 2098 1255 2148 meliorem.
1280 2099 1355 2146 sic
1376 2100 1452 2148 ait
1472 2099 1651 2161 legeu-

592 2173 712 2221 dum
736 2187 871 2234 esse,
907 2173 1067 2222 Debet
1099 2177 1256 2223 eodem
1292 2173 1446 2222 omnis
1470 2175 1650 2234 mundi,

592 2251 675 2310 dfe.
719 2247 877 2311 Atqui
900 2249 1015 2298 haec
1038 2251 1195 2298 lectio
1214 2251 1474 2312 reperitur
1493 2251 1650 2299 etiam

588 2325 643 2373 in
677 2324 821 2373 libris
863 2325 1262 2374 Parisienaibus.
1296 2339 1362 2374 ex
1384 2341 1484 2390 qua
1505 2325 1654 2374 facta

592 2406 677 2449 est
696 2400 788 2448 illa
810 2398 1120 2458 mendosior,
1137 2400 1293 2448 Debet
1306 2403 1467 2449 eadem
1483 2402 1652 2462 omnis,

587 2489 708 2538 quae
732 2481 816 2522 est
840 2473 892 2521 iu
916 2475 1150 2522 omnibus
1174 2473 1285 2522 fere
1308 2474 1419 2522 aliis
1437 2475 1653 2537 impres·

590 2551 681 2598 sis.
716 2549 988 2598 Praeterea
1005 2549 1278 2613 perspicue
1294 2558 1651 2614 argumentum

594 2632 675 2674 est
710 2640 741 2673 a
779 2625 1013 2688 partibus
1045 2624 1109 2674 ad
1134 2632 1320 2688 totum,
1340 2627 1437 2676 hoc
1461 2627 1647 2678 modo:

592 2707 770 2764 partes
794 2699 970 2748 muudi
1012 2708 1133 2750 sunt
1166 2705 1182 2730 ‘
1208 2703 1410 2750 mortali
1430 2717 1652 2768 corpore

594 2776 873 2842 praeditae,’
905 2777 937 2824 i.
959 2791 1006 2827 e.
1026 2778 1269 2827 mortales
1290 2794 1304 2826 z
1340 2792 1466 2841 ergo
1488 2786 1543 2828 et
1577 2788 1652 2828 to·

594 2859 677 2902 tus
714 2852 931 2901 mundus
970 2858 1052 2902 est
1088 2853 1249 2916 idem,
1276 2853 1327 2903 h.
1349 2867 1399 2901 e.
1418 2855 1652 2904 mortalis

580 2937 689 2978 est.
756 2928 1027 2977 Praeterea
1063 2928 1106 2976 si
1144 2927 1283 2977 sorte
1316 2928 1480 2989 dicat,
1512 2929 1650 2978 ‘om-

586 3004 694 3052 nis’
717 3004 851 3053 idem
870 3004 955 3053 bic
974 3004 1146 3052 valere
1170 3003 1307 3066 quod
1327 3003 1517 3064 ‘·tota;’
1538 3005 1654 3054 haec

586 3081 803 3139 locutio,
854 3081 869 3108 ‘
902 3079 1077 3130 Debet
1128 3084 1239 3128 tota
1292 3079 1509 3142 eadem,’
1550 3083 1652 3132 ὅτε.

586 3159 741 3220 longe
762 3153 994 3222 (opinor)
1024 3154 1326 3204 concinnior
1356 3161 1413 3204 et
1448 3157 1652 3220 elegan-

586 3235 690 3282 tior
712 3240 810 3295 est,
840 3247 993 3296 quam
1015 3232 1209 3280 altera:
1244 3231 1477 3295 quamvis
1516 3234 1652 3282 ‘om-

586 3311 667 3357 nis
688 3310 702 3332 '
751 3309 1010 3356 interdum
1056 3309 1331 3370 usurpetur
1375 3322 1473 3370 pro
1520 3315 1649 3359 toto.

590 3383 1017 3446 quemadmodum
1056 3391 1110 3430 et
1142 3385 1233 3432 πᾶς
1256 3383 1391 3444 apud
1418 3383 1652 3434 Graecos.

586 3461 859 3510 Postremo
881 3459 968 3507 hic
985 3458 1111 3507 nihil
1132 3457 1243 3506 fere
1264 3459 1650 3521 subintelligen-

1723 575 1848 624 alibi
1875 576 2080 625 locutus
2101 575 2198 622 est.
2263 571 2517 634 Donatus,
2553 569 2790 622 ‘ferme'

1723 665 1818 714 pro
1857 649 2010 700 facile
2052 650 2106 699 in
2144 646 2310 697 Andr.
2349 651 2398 698 8.
2435 651 2485 696 1.
2532 647 2692 697 Faber
2724 654 2788 698 et

1725 729 1916 776 στερεὴ.
2763 753 2772 760 .

1789 807 1887 852 246
1919 801 2088 853 Fuisse
2115 799 2410 863 principiale
2442 800 2631 864 aliquod
2665 804 2788 850 eem-

1719 893 1832 943 pus,
1863 876 2154 940 clademque]
2199 877 2246 926 1.
2279 889 2328 926 e.
2363 874 2522 925 fuisse
2556 883 2784 939 tempus,

1727 970 1830 1019 quo
1847 953 2030 1004 caelum
2049 961 2100 1002 et
2119 961 2258 1000 terra
2281 953 2592 1015 principium
2609 953 2784 1001 et·ori⁴-

1727 1031 1896 1094 ginem
1932 1029 2224 1087 habuerint,
2259 1034 2314 1077 et
2349 1027 2462 1076 fore
2485 1041 2602 1076 cum
2621 1029 2785 1078 inter-

1726 1112 1866 1155 eant.
1931 1105 2134 1154 Putant
2171 1103 2295 1152 item
2333 1104 2503 1153 Stoici
2538 1102 2652 1153 fore
2689 1104 2785 1152 ali-

1725 1181 1948 1248 quando,
1982 1188 2041 1231 nt
2069 1181 2151 1229 bic
2173 1178 2392 1229 mundns
2416 1180 2604 1229 ardore
2627 1179 2784 1228 defla-

1729 1264 1882 1323 gret:
1931 1264 1984 1306 et
2027 1270 2118 1305 nos
2161 1255 2442 1304 Christiani
2489 1255 2781 1303 credimus:

1727 1342 1742 1366 ⁶
1761 1332 2097 1398 principiale’
2131 1336 2300 1380 antem
2339 1344 2440 1379 vox
2480 1337 2561 1379 est
2598 1337 2722 1379 nata
2754 1345 2785 1378 a

1727 1413 1930 1460 nomine
1963 1409 2294 1474 principium,
2328 1423 2428 1458 non
2459 1423 2488 1456 a
2512 1403 2784 1470 princeps:

1727 1495 1789 1538 ut
1809 1487 1931 1536 alibi
1959 1486 2198 1535 diximus.
2234 1484 2398 1534 Lamb.

1791 1567 1888 1612 248
1921 1563 2050 1611 Illud
2081 1561 2132 1609 ia
2167 1561 2245 1609 his
2273 1559 2430 1622 rebus]
2464 1559 2618 1612 Quod
2659 1574 2784 1608 vero

1727 1638 2005 1701 proecipuae
2045 1642 2244 1699 partes,
2283 1645 2336 1684 et
2367 1636 2589 1684 maxima
2609 1635 2784 1683 mnndi

1728 1714 1974 1776 membra,
2008 1720 2167 1772 terra,
2199 1725 2352 1776 aqua,
2385 1711 2496 1771 aer,
2523 1710 2658 1775 ignis
2681 1711 2786 1774 gig·

1730 1797 1944 1850 uantur,
1984 1795 2038 1836 et
2061 1789 2346 1849 intereunt,
2386 1801 2486 1836 vss.
2508 1791 2589 1836 59.
2616 1785 2786 1836 fusius

1729 1866 2076 1915 demonstrat:
2112 1866 2288 1914 multas
2319 1872 2474 1914 terrae
2514 1866 2782 1928 particulas

1727 1942 1780 1990 in
1797 1943 1956 1990 altum
1973 1940 2227 2003 feruntur,
2240 1947 2295 1989 et
2309 1940 2426 1989 aiira
2441 1949 2787 2004 componunt}

1729 2017 1914 2066 inultas
1936 2015 2178 2065 auferunt
2197 2015 2426 2074 flumina,
2463 2024 2520 2066 et
2553 2019 2604 2066 in
2643 2031 2784 2068 mare

1729 2094 1958 2149 volvunt,
1983 2107 2082 2141 vss.
2108 2097 2189 2142 14.
2231 2091 2382 2156 Aqua
2398 2091 2524 2141 item
2547 2090 2686 2142 nova
2707 2094 2785 2142 in·-

1728 2169 1836 2217 dies
1859 2169 2101 2229 nascitur,
2131 2176 2184 2217 at
2207 2168 2481 2231 pars-iliius
2506 2169 2556 2216 vi
2587 2170 2706 2218 solis
2729 2170 2785 2217 in

1729 2246 1900 2295 aerem
1921 2253 2168 2306 mutatur,
2188 2258 2308 2307 pars
2327 2244 2378 2291 in
2400 2244 2647 2293 meatibus
2663 2245 2784 2294 sub-2-

1729 2323 1979 2374 terraneis
2019 2329 2174 2372 terroe
2211 2321 2428 2372 formam
2451 2322 2636 2384 induit,
2679 2337 2785 2372 vss.

1729 2403 1810 2449 12.
1877 2398 2081 2460 Aerem,
2105 2396 2200 2464 qui·
2215 2398 2406 2460 recipit
2424 2411 2602 2446 omnes
2625 2399 2785 2461 parti-

1727 2476 1871 2524 culas
1893 2489 1924 2524 e
1945 2472 2100 2522 rebus
2138 2473 2370 2522 omnibus
2411 2479 2670 2536 perpetuo
2689 2471 2785 2522 fln-

1727 2557 1894 2611 entes,
1911 2557 1966 2599 et
1989 2564 2072 2598 res
2096 2549 2209 2598 illas
2231 2561 2404 2598 omnes
2425 2547 2614 2608 reficit,
2635 2563 2787 2598 nemo

1728 2625 2200 2684 dixeritaeternum,
2211 2630 2300 2672 ant
2317 2623 2680 2682 immortalem,
2688 2638 2789 2672 vas.

1726 2707 1776 2751 8.
1827 2703 1912 2751 De
1933 2703 2053 2764 igne
2076 2701 2298 2764 deniqne
2320 2700 2456 2748 idem
2479 2701 2786 2750 concluden-

1731 2779 1868 2838 dum,
1894 2793 2012 2828 cum
2035 2777 2168 2827 radii
2205 2777 2341 2838 solis,
2373 2777 2464 2840 qui
2501 2778 2682 2826 unicus
2705 2783 2786 2825 est

1725 2855 1854 2904 lucis
1877 2861 1931 2902 et
1955 2854 2088 2917 ignis
2111 2851 2244 2914 fons,
2269 2853 2502 2917 quolibet
2525 2859 2785 2901 momento

1727 2929 1894 2978 emissi
1919 2935 2156 2992 pereunt,
2177 2927 2398 2992 ideoque
2418 2928 2556 2991 quod
2573 2929 2648 2976 sol
2669 2929 2784 2990 ipse

1729 3011 2020 3067 reparetur,
2046 3017 2194 3067 aeque
2239 3019 2301 3052 ac
2339 3003 2508 3064 lychni
2542 3011 2598 3051 ct
2623 3002 2785 3064 tedae,

1727 3079 1932 3128 omnino
1955 3077 2320 3139 confitendum,
2342 3092 2447 3127 vsa.
2469 3081 2550 3126 25.
2588 3078 2785 3126 creeck.

1794 3153 1873 3201 Ne
1893 3153 2172 3216 arripuisse]
2205 3151 2290 3200 Ita
2313 3151 2522 3216 quidam
2545 3152 2678 3202 libri.
2719 3153 2783 3202 In

1727 3229 1860 3290 aliis,
1909 3227 2205 3290 corripuisse.
2273 3228 2584 3291 Lambinus,
2617 3243 2676 3277 ne
2714 3241 2784 3275 me

1723 3305 1998 3368 arripuisse,
2021 3305 2172 3352 male.
2238 3301 2430 3353 Hiatus
2473 3311 2554 3352 est
2593 3303 2782 3352 Ennia·

1725 3397 1838 3443 nus,
1873 3389 1927 3430 et
1967 3379 2323 3430 Lucretianus.
2361 3379 2533 3438 Gifan.
2577 3379 2680 3427 .Ne
2710 3393 2785 3426 me

1721 3459 1993 3520 arripuisse.
2047 3457 2132 3508 Sic
2155 3457 2376 3518 restitui,
2397 3471 2496 3504 non
2535 3455 2640 3504 levi
2658 3469 2780 3504 con-

586 3535 709 3584 dum
732 3543 845 3594 est3
882 3540 970 3583 aut
992 3534 1035 3582 si
1055 3533 1177 3597 quid
1200 3538 1299 3595 est,
1320 3533 1372 3580 id
1396 3532 1457 3581 fit
1480 3535 1645 3582 molli·-
1712 3533 1924 3596 jactura
1945 3533 2148 3584 ductus.
2205 3534 2342 3582 Nam
2366 3547 2484 3581 cum
2507 3531 2559 3579 in
2583 3531 2783 3580 duobus

588 3617 671 3659 ter
694 3617 750 3659 et
770 3609 953 3668 facile:
992 3609 1095 3656 illic
1116 3609 1299 3667 multa,
1322 3622 1486 3671 eaque
1512 3609 1648 3657 duri-

587 3692 671 3734 ter
692 3692 745 3732 et
774 3683 1047 3731 laboriose.
1112 3680 1199 3730 Sic
1222 3682 1353 3730 enim
1380 3684 1647 3744 explicare

588 3771 802 3807 necesse
824 3764 901 3806 est
920 3774 935 3805 τ
970 3755 1149 3806 Debet
1170 3757 1333 3804 omnis
1356 3759 1531 3806 mnndi
1555 3773 1645 3808 na-

587 3842 704 3885 tura
720 3836 887 3898 putari
906 3841 1146 3882 constare
1163 3833 1178 3859 ‘
1192 3832 1373 3882 eodem
1392 3835 1646 3896 corpore,'

588 3912 684 3960 hoc
708 3919 789 3960 est
811 3911 987 3958 nativo
1010 3917 1067 3960 et
1089 3911 1309 3960 mortali.
1338 3911 1506 3958 Larnb.
1552 3911 1646 3960 Gi·

585 3984 771 4046 sanius,
793 3985 948 4035 Debet
978 3986 1134 4034 eodem
1170 3986 1337 4042 omnis,
1373 3985 1471 4035 viz.
1496 4001 1644 4051 aeque

585 4061 763 4110 nativo
802 4069 856 4110 et
890 4061 1095 4110 mortali
1135 4075 1353 4124 corpore
1386 4066 1642 4110 constare.

494 4171 499 4174 ·
590 4132 782 4184 (ἕπει-Ε.

648 4214 743 4260 243
761 4211 952 4273 Ferme]
971 4209 1171 4260 Μείωσις
1186 4217 1292 4272 est3
1310 4211 1491 4262 debuit
1504 4213 1641 4262 enim

584 4289 735 4353 plane
758 4293 814 4336 et
834 4286 1029 4338 diserte
1050 4288 1381 4344 concludere.
1438 4290 1541 4339 Sed
1565 4291 1642 4340 ita

1719 3609 1865 3657 libris
1918 3609 2284 3672 manuscriptis
2338 3607 2646 3671 reperissem
2705 3606 2780 3654 ita

1720 3684 1990 3747 scriptum,
2030 3699 2088 3732 ne
2125 3683 2383 3746 arripuisse
2418 3683 2588 3741 rearis,
2621 3679 2782 3730 facile

1719 3758 1974 3808 adductus
2017 3775 2145 3820 sum,
2191 3767 2250 3807 nt
2293 3753 2666 3818 existimarem,
2706 3770 2782 3805 me

1718 3848 2022 3898 pronomen,
2039 3836 2176 3900 quod
2199 3834 2494 3884 necessario
2515 3832 2780 3882 desidera-

1719 3917 1823 3971 tur,
1844 3918 1898 3958 et
1920 3911 2030 3958 sine
2053 3924 2153 3974 quo
2184 3923 2354 3974 neque
2380 3922 2580 3968 versus,
2611 3919 2779 3970 neque

1717 3986 1979 4034 sententia
2001 3993 2241 4034 constare
2263 3990 2456 4048 potest,
2491 3997 2606 4032 esse
2629 3982 2781 4032 omis-

1719 4072 1830 4108 sum
1853 4073 1884 4110 a
1905 4060 2116 4109 librario
2135 4060 2388 4123 scriptore
2411 4064 2629 4122 propter
2646 4057 2782 4106 simi-

1715 4136 1986 4188 litudinem
2007 4137 2276 4200 particulae
2299 4150 2384 4184 ne.-
2407 4134 2598 4183 deinde
2619 4149 2684 4181 ex
2701 4147 2782 4181 or·

1715 4214 1932 4275 rimasse,
1947 4212 2138 4262 factum
2163 4225 2276 4262 esse
2296 4210 2574 4273 corripuisse
2595 4209 2662 4257 ab
2685 4209 2780 4257 ali-

1717 4303 1824 4356 quo
1845 4289 2147 4353 semidocto,
2161 4289 2249 4353 qui
2270 4287 2419 4338 facile
2435 4286 2646 4350 quidem
2663 4299 2780 4335 sen·
