3200 4959
588 443 761 508 1460

586 597 715 664 ges?
781 597 927 648 Idem
950 594 1139 646 ibidem
1160 609 1173 642 ε
1207 595 1224 623 ‘
1246 595 1375 648 Quae
1392 595 1525 646 male
1541 592 1644 644 cri·

585 674 699 726 nita
732 679 831 734 est,
870 671 1137 722 custodem
1174 670 1227 720 in
1266 671 1439 720 limine
1462 675 1648 734 ponat,

588 751 923 813 orneturque
976 748 1139 796 Bonae
1188 760 1394 810 semper
1444 747 1496 796 in
1544 758 1642 794 ore

583 827 753 880 Deae?
773 825 939 876 Lamo.
1013 826 1137 875 Vita·
1154 824 1431 886 postumia
1447 824 1646 874 calent..

582 904 671 954 Ita
704 902 1002 960 Lambinus3
1041 896 1268 962 egregie.
1332 897 1399 947 In
1434 905 1544 947 vet.
1584 897 1652 946 li·

581 978 725 1028 bris:
775 975 1031 1039 poemenia,
1066 977 1121 1022 et
1149 974 1403 1035 posttenia.
1436 972 1649 1023 Marul-

582 1054 685 1116 lus,
714 1058 771 1102 et
791 1051 933 1114 vulg.
961 1047 1221 1112 proscenia
1232 1062 1253 1105 ,·
1284 1048 1521 1110 pessime.
1550 1046 1648 1096 Gi-

570 1129 685 1190 fan.
759 1127 887 1176 Vita
929 1123 1211 1188 pmtxenia,
1253 1122 1567 1186 Metaphora
1611 1134 1644 1169 a

586 1204 811 1253 theatro.
846 1203 931 1250 De
954 1200 1051 1249 hac
1074 1199 1493 1250 muliercularum
1516 1212 1644 1249 cau·

596 1281 737 1331 tione
755 1278 875 1326 vide
899 1276 1059 1327 Ovid.
1082 1273 1148 1324 de
1168 1276 1319 1324 Rem.
1353 1274 1480 1324 Fab.

652 1360 780 1406 1182
811 1354 1079 1416 Anqnirere
1096 1350 1253 1412 nisu]
1272 1350 1492 1400 Secutus
1519 1349 1643 1398 olim

585 1429 786 1480 fueram
812 1428 1017 1478 codices
1041 1427 1297 1496 vulgatos,
1327 1425 1575 1487 anquirere
1591 1425 1648 1473 in

584 1521 713 1568 nens,
740 1504 838 1554 nisi
868 1503 1002 1568 quod
1039 1503 1113 1552 illi
1149 1501 1346 1550 liabent
1385 1501 1646 1564 inquirere.

584 1582 833 1645 anquirere
850 1585 1025 1628 autem
1040 1592 1131 1627 seu
1143 1576 1384 1640 inquirere
1400 1576 1453 1625 in
1468 1575 1650 1626 omneis

586 1669 717 1716 neus,
742 1656 817 1704 sic
838 1651 1244 1716 interpretabar,
1263 1650 1521 1714 inquirere
1538 1665 1647 1702 om-

585 1729 674 1779 nia
694 1728 1024 1778 meretricum
1058 1725 1205 1776 facta
1228 1726 1433 1776 scilicet
1449 1725 1505 1775 in
1527 1740 1647 1776 usns

588 1811 738 1855 tuos:
775 1805 929 1868 plane
964 1800 1275 1851 duriuscule.
1338 1799 1525 1865 Itaque
1556 1801 1649 1851 ad·

586 1893 885 1929 monueram
934 1878 1182 1926 lectorem
1229 1875 1386 1926 libros
1426 1874 1649 1938 scriptos

584 1956 778 2006 habere
805 1954 981 2004 omneis
1007 1952 1271 2016 anquirere,
1302 1965 1393 2000 seu
1412 1952 1652 2015 inquirere

584 2032 728 2080 risus.
792 2029 901 2078 Per
921 2029 1047 2077 rim
1070 2033 1265 2090 autem,
1284 2027 1325 2076 si
1350 2028 1464 2076 haec
1486 2026 1650 2076 lectio

586 2113 730 2156 recta
751 2112 911 2166 esset,
924 2101 1245 2166 significaret
1260 2101 1533 2152 Lucretius
1554 2100 1650 2150 fal-

584 2182 743 2231 lacias
781 2179 1141 2240 meretricum,
1190 2176 1375 2242 quibus
1422 2176 1654 2228 illudunt

587 2270 706 2306 suos
734 2261 989 2305 amatores
1020 2270 1033 2304 ε
1071 2253 1331 2303 sententia
1368 2253 1491 2302 huic
1534 2253 1651 2302 loco
1683 2278 1688 2281 ·

590 2330 953 2390 conveniente,
987 2328 1078 2377 sed
1122 2343 1237 2392 quae
1272 2341 1374 2376 non
1418 2327 1541 2376 satis
1583 2341 1650 2376 ex

589 2405 760 2456 verbis
810 2419 963 2468 posse
1006 2404 1129 2453 elici
1175 2402 1435 2452 videntur.
1510 2403 1650 2452 Nam

586 2493 685 2544 per
705 2481 722 2509 ⁶
740 2480 871 2528 risus
892 2479 907 2502 ’
932 2477 1348 2540 significarentur
1370 2478 1545 2542 potius
1560 2477 1652 2527 de·

585 2556 805 2606 risiones
822 2561 879 2604 et
901 2554 1141 2610 ludibria.
1164 2553 1336 2604 Quare
1358 2554 1533 2602 harum
1544 2554 1652 2603 iec-

585 2633 783 2682 tionum
805 2645 943 2681 nunc
966 2631 1089 2679 mibi
1113 2636 1301 2679 neutra
1323 2631 1514 2694 placet.
1546 2631 1650 2680 Ve-

585 2707 667 2756 nit
689 2711 873 2770 postea
896 2705 1018 2754 mihi
1061 2705 1113 2754 in
1146 2710 1371 2754 mentem
1408 2705 1519 2754 haec
1542 2710 1652 2754 ter·

586 2782 683 2844 tia,
712 2783 891 2830 omneis
906 2781 1143 2844 inquirere
1165 2783 1321 2830 lusus:
1342 2787 1401 2830 ut
1424 2795 1519 2844 per
1540 2782 1556 2807 ‘
1572 2780 1648 2828 lu·

586 2873 672 2906 sus
689 2856 706 2878 ’
752 2858 1093 2908 ,meretricum
1149 2855 1402 2919 fallacias,
1465 2854 1649 2918 quibus

586 2947 705 2981 suos
726 2938 965 2980 auctores
1003 2931 1248 2990 illudunt,
1282 2930 1648 2992 intelligamus.

586 3008 693 3060 Sed
710 3021 776 3055 ne
800 3007 910 3056 haec
933 3004 1140 3070 quidem
1164 3005 1287 3054 mihi
1317 3004 1443 3054 satis
1466 3011 1652 3067 postea

586 3082 811 3148 probata
832 3088 933 3144 est,
954 3081 1076 3146 quia
1108 3088 1164 3130 et
1196 3081 1458 3146 aliquanto
1483 3095 1649 3131 remo-

586 3161 688 3210 tior
712 3160 782 3210 sit
804 3175 835 3208 a
870 3159 1129 3222 scriptura
1166 3159 1249 3207 vel
1291 3162 1531 3219 recepta,
1564 3157 1649 3204 vel

586 3235 831 3299 antiqua:
868 3243 923 3284 et
947 3234 1111 3282 minus
1146 3248 1263 3282 cum
1290 3231 1649 3282 antecedenti·

585 3307 685 3357 bus
705 3314 796 3357 aut
818 3308 1257 3373 consequentibus
1280 3309 1543 3358 cohaerere
1578 3308 1662 3371 vif

586 3382 793 3432 deutur.
859 3382 991 3432 Cum
1022 3398 1108 3432 me
1138 3385 1349 3434 taudem
1376 3387 1433 3436 in
1448 3385 1648 3434 omneis

586 3457 782 3520 parteis
820 3457 1099 3520 cogitando
1144 3459 1648 3522 vertissem,‚existi-

585 3533 744 3596 mavi,
769 3532 1036 3595 aptissime
1060 3533 1161 3596 legi
1182 3548 1353 3596 posse,
1370 3535 1548 3584 omneis
1567 3551 1652 3584 an-

586 3609 775 3670 quirere
798 3607 929 3655 nisus
950 3624 968 3656 .-
1001 3614 1063 3656 ut
1086 3622 1177 3670 per
1214 3610 1348 3657 nisus
1387 3609 1650 3672 significet

587 3681 867 3747 Luc-retius
889 3681 1079 3744 studia,
1102 3695 1217 3745 quae
1239 3682 1488 3734 adhibent
1504 3685 1646 3746 puel-

584 3755 651 3803 1ae
674 3756 777 3804 illae
802 3755 866 3803 ad
890 3756 1049 3804 arteis
1074 3770 1134 3805 ac
1157 3755 1387 3806 fallacias
1411 3772 1530 3806 suas
1565 3772 1648 3808 oc·

585 3830 879 3894 euitandas,
901 3837 1180 3896 ceteraque
1204 3846 1298 3881 sua
1320 3831 1445 3882 vitia
1468 3839 1647 3897 tegen-

587 3905 672 3956 da.
705 3907 835 3957 Quae
856 3906 1115 3954 sententia
1138 3907 1362 3958 cohaeret
1378 3908 1646 3972 aptissime

586 3988 643 4032 et
697 3997 835 4046 cum¹
858 3981 962 4032 illis
1000 3982 1366 4046 superioribus,
1420 3985 1437 4013 ‘
1457 3985 1648 4036 Omnia

586 4071 910 4121 summopere
953 4058 1046 4108 llos
1088 4058 1208 4107 vitae
1246 4061 1542 4122 postscenia
1562 4076 1647 4112 ce-

582 4131 731 4194 lant,’
758 4135 856 4182 ὅτε.
889 4139 946 4181 et
969 4148 1087 4184 cum
1108 4134 1169 4182 iis
1188 4148 1304 4200 quae
1328 4133 1646 4200 sequuntur,

588 4209 607 4236 ‘
630 4209 1013 4258 Praeter-mittet
1034 4215 1085 4258 te
1108 4209 1337 4260 humanis
1354 4213 1644 4264 concedere

588 4283 780 4334 rebus!
812 4283 851 4334 i.
875 4298 923 4336 e.
956 4297 1056 4334 non
1080 4284 1352 4340 admodum
1392 4287 1658 4356 studebit,

1290 453 1502 502 NOTAE
1551 447 1946 500 VARIORUM
2007 446 2086 494 m

1725 596 1818 639 aut
1851 589 2053 638 nitetur
2091 592 2144 638 te
2175 599 2268 636 sua
2301 583 2437 648 mala
2459 587 2516 632 et
2552 580 2683 632 vitia
2702 597 2792 633 ce·

1721 668 1844 716 lare.
1877 668 2008 718 Cum
2030 666 2142 716 baec
2168 664 2342 728 paullo
2360 668 2481 726 post
2503 661 2784 711 secundam

1721 742 1998 793 editionem
2047 740 2450 803 excogitassem,
2502 737 2648 800 cujus
2706 737 2788 788 rei

1721 823 1888 868 testes
1910 823 2032 866 sunt
2047 814 2172 864 mihi
2193 815 2286 865 viri
2305 813 2591 863 doctissimi
2615 820 2669 862 et
2683 828 2791 862 am·

1725 891 1963 956 plissimi,
1993 889 2230 953 cognovi,
2263 888 2400 938 idem
2421 887 2628 938 cuidam
2651 889 2786 942 male

1721 968 1789 1017 de
1813 982 1894 1018 me
1915 966 2104 1016 merito
2128 965 2328 1014 venisse
2351 963 2404 1012 in
2443 970 2672 1013 mentem
2687 978 2702 1009 ι
2741 962 2788 1014 si

1722 1041 1976 1093 credibile
2008 1049 2092 1092 est
2111 1041 2208 1090 hoc
2229 1040 2486 1099 evenisse,
2518 1042 2574 1086 et
2597 1051 2696 1086 non
2718 1036 2786 1086 ab

1724 1120 1889 1170 altero
1911 1116 2280 1181 excogitatum,
2294 1115 2451 1164 istum
2469 1114 2570 1163 sibi
2591 1128 2786 1166 assum·

1723 1196 1866 1246 sisse.
1931 1194 2072 1243 Usus
2108 1199 2192 1243 est
2225 1191 2406 1241 eodem
2428 1190 2634 1238 nomine
2657 1194 2712 1238 et
2733 1195 2785 1240 5.

1720 1275 1836 1322 912.
1870 1271 2070 1320 ‘Trans
2092 1268 2254 1318 maria
2275 1269 2382 1316 alta
2418 1265 2608 1328 pedum
2647 1265 2788 1314 nisus

1721 1354 1782 1398 ιιι
1815 1359 2010 1410 ponere
2043 1342 2254 1409 posset!
2287 1341 2456 1391 Lamo.
2521 1339 2613 1389 Sic
2636 1340 2786 1390 resti-

1721 1424 1814 1476 tui.
1845 1423 1910 1472 In
1930 1427 2036 1473 vet.
2059 1419 2236 1469 librisz
2261 1420 2404 1466 risus.
2434 1416 2484 1464 R
2508 1431 2603 1480 pro
2628 1417 2702 1478 N,
2724 1422 2786 1468 nt

1722 1510 1838 1562 sup.
1861 1497 1984 1550 eod.
2010 1498 2108 1546 hoc
2129 1495 2262 1546 libro
2285 1508 2362 1542 vs.
2385 1496 2501 1541 21⁷.
2526 1493 2625 1541 ὅτε.
2680 1491 2786 1546 Vel

1722 1575 1881 1626 etiam
1906 1589 1921 1623 ε
1954 1586 2082 1622 ustas.
2147 1569 2284 1619 Vide
2326 1567 2600 1616 Iudicem:
2647 1566 2666 1593 ¹
2689 1565 2786 1616 Ni.

1721 1647 1844 1700 sus.'
1925 1648 2082 1710 Vulg.
2127 1647 2181 1696 in
2229 1652 2360 1694 ustis.
2420 1641 2602 1694 Gifan.
2667 1641 2786 1702 Into

1723 1724 1741 1752 ‘
1763 1721 1933 1775 visus’
1957 1722 2218 1787 inquirere
2229 1721 2384 1786 jubet
2394 1733 2517 1768 num
2535 1717 2648 1768 veri
2659 1717 2788 1782 sint,

1721 1813 1844 1850 num
1859 1798 1992 1850 ficti.
2027 1798 2162 1848 Han.
2779 1833 2790 1856 ,

1789 1877 1915 1924 1183
1951 1875 2022 1924 Ee
2053 1874 2097 1922 si
2127 1873 2262 1936 bello,
2295 1870 2402 1935 ξω]
2434 1871 2634 1922 Horum
2668 1882 2790 1928 vern,

1721 1963 1868 2000 suum
1889 1950 2000 2000 iiaec
2024 1949 2284 2000 sententia
2306 1954 2420 1998 est:
2443 1946 2584 2000 Quin
2605 1944 2785 2008 etiam,

1723 2026 1825 2074 nisi
1847 2025 2000 2088 plane
2022 2022 2250 2074 difficilis
2273 2031 2356 2074 est
2377 2028 2434 2072 et
2454 2036 2674 2084 morosa,
2700 2035 2784 2071 sa-

1724 2101 1794 2150 tis
1836 2102 1998 2151 mults
2045 2100 2184 2166 apud
2228 2101 2371 2150 illam
2409 2098 2632 2160 videbis,
2667 2112 2789 2162 φιτ.

1725 2175 1954 2227 efficient
1966 2182 2024 2226 ut
2039 2190 2220 2240 magno
2239 2176 2354 2225 nisu
2370 2189 2500 2239 opus
2515 2187 2616 2224 non
2629 2173 2700 2223 sit
2712 2170 2784 2222 ad

1723 2251 2161 2316 deprehendenda
2177 2251 2410 2315 corporis
2433 2249 2588 2310 vitia3
2609 2247 2701 2298 sed
2719 2261 2788 2298 en

1723 2327 1863 2377 sinet
1883 2333 1941 2376 ιιι
1963 2326 2260 2391 pervideas,
2279 2339 2496 2390 sperans
2516 2330 2570 2376 te
2584 2337 2685 2374 non
2706 2324 2788 2374 ita

1724 2403 1829 2453 illis
1870 2400 2118 2470 offensum
2155 2403 2237 2467 iri,
2279 2403 2478 2467 quippe
2517 2413 2634 2466 quae
2678 2413 2784 2464 non

1725 2480 1876 2530 unius
1901 2479 2129 2529 mulieris
2151 2477 2368 2544 propria
2387 2479 2512 2539 sint,
2531 2475 2625 2525 sed
2646 2489 2792 2538 com·,

1723 2555 1898 2604 munia
1920 2555 2164 2604 omnium.
2200 2555 2358 2604 Faber
2382 2560 2438 2603 et
2459 2553 2654 2602 Creech.

1790 2633 1917 2678 1184
1950 2630 2302 2680 Proetermittet
2325 2635 2372 2679 te
2393 2628 2612 2678 humanis
2629 2642 2785 2677 conce-

1724 2703 1858 2768 dere]
1890 2705 1938 2754 1.
1957 2719 2004 2754 e.
2042 2706 2179 2755 sinet
2223 2710 2276 2754 te
2297 2704 2570 2768 ignoscere
2590 2705 2784 2756 incom-

1724 2782 1888 2831 modis
1907 2782 2161 2846 humanis,
2179 2782 2216 2834 i.
2235 2796 2286 2831 e.
2317 2795 2419 2832 non
2442 2778 2713 2830 admodum
2728 2779 2792 2840 in⁸

1726 2869 1791 2906 eo
1823 2855 2098 2918 laborabit,
2133 2863 2194 2905 ut
2227 2861 2282 2906 te
2316 2855 2456 2906 celet
2477 2869 2573 2904 sna
2591 2854 2784 2918 incom-

1723 2932 1880 2982 moda
1900 2946 1962 2982 ac
1983 2933 2150 2981 mala:
2185 2931 2278 2980 sed
2317 2945 2382 2981 ea
2414 2937 2467 2980 te
2506 2930 2640 2978 sinet
2671 2943 2787 2979 cer·

1724 3021 1869 3067 nere,
1893 3021 2108 3072 sperans
2130 3005 2263 3070 fore,
2280 3013 2342 3056 ιιι
2361 3021 2425 3056 ea
2445 3018 2594 3068 aequo
2609 3004 2790 3070 animo

1722 3081 1878 3142 feras,
1907 3087 2164 3146 tamqnam
2199 3081 2443 3143 humana,
2481 3087 2538 3130 et
2567 3079 2788 3130 homini·

1725 3159 1822 3208 bus
1857 3158 2056 3208 usitata.
2078 3158 2160 3208 hic
2185 3171 2380 3220 versus,
2405 3163 2462 3206 et
2481 3157 2590 3220 ejtts
2615 3156 2792 3220 expliq

1724 3236 1880 3297 catio,
1910 3233 2198 3291 declarant.
2213 3248 2270 3284 su
2275 3248 2368 3297 pra
2381 3232 2658 3296 legendum
2667 3245 2788 3292 esse,

1721 3309 1972 3373 anquirere
1985 3309 2138 3359 nisus.
2171 3309 2354 3360 Lami).
2421 3308 2778 3358 Prata-mittet

1721 3390 1896 3436 nutem
1935 3391 1996 3435 ut
2033 3400 2192 3450 supra
2221 3400 2298 3436 vs.
2321 3388 2470 3436 1144.
2506 3384 2524 3412 ‘
2548 3383 2620 3432 Et
2649 3397 2782 3447 prae-

1722 3460 1984 3510 termittas
2009 3460 2166 3508 animi
2188 3460 2318 3509 vitia
2331 3459 2505 3509 omnia
2526 3460 2785 3523 primum.'

1725 3535 1917 3584 Creech.
1982 3535 2107 3583 Mss-
2128 3534 2406 3585 lectionem
2428 3535 2602 3598 potius
2630 3547 2782 3584 secu·

1725 3610 1767 3660 ti
1789 3625 1982 3660 sumus.
2022 3610 2074 3660 Si
2098 3610 2187 3658 illa
2217 3608 2436 3674 (inquit)
2473 3597 2576 3658 non
2599 3607 2782 3658 odiosa

1722 3691 1805 3734 est
1835 3685 2231 3748 pretermittere,
2280 3686 2315 3736 i.
2336 3699 2386 3735 e.
2437 3683 2592 3734 facile
2642 3696 2780 3748 prae-

1721 3759 1982 3808 termittet
2018 3766 2093 3822 te,
2137 3760 2220 3810 vel
2257 3763 2316 3810 tu
2359 3759 2790 3826 pretermittere,

1719 3834 1756 3884 i.
1773 3848 1822 3883 e.
1856 3834 2295 3898 praetermittet-is,
2332 3835 2445 3884 scil.
2467 3834 2533 3884 ab
2553 3835 2661 3898 illa,
2683 3833 2780 3884 lm-

1721 3911 1885 3961 manis
1899 3911 2184 3962 concedere
2208 3911 2379 3962 rebus.
2415 3911 2553 3962 Huv.
2787 3957 2794 3968 ,

1787 3988 1912 4034 1186
1964 3985 2069 4034 Nec
2109 3985 2280 4036 mulier
2330 3986 2536 4050 semper]
2590 3987 2796 4052 Neque„

1721 4073 1844 4112 vero
1863 4061 2042 4112 mulier
2057 4060 2276 4130 (inquit)
2295 4076 2504 4126 semper
2524 4076 2582 4112 se
2605 4075 2778 4112 amare

1719 4135 1945 4199 simulat,
1977 4137 2068 4186 sed
2112 4137 2371 4186 interdum
2420 4138 2534 4202 ipsa
2571 4149 2780 4202 quoque

1719 4219 1859 4262 amat
1873 4227 1940 4262 ex
1961 4214 2150 4262 animo.
2200 4213 2363 4277 Cujus
2379 4214 2458 4262 rei
2479 4213 2778 4275 exemplum

1719 4301 1909 4353 capere
1933 4289 2060 4339 licet
2082 4303 2146 4338 ex
2185 4288 2380 4342 Silenio
2413 4289 2588 4354 puella
2618 4287 2794 4350 Pluu-⁴
