3200 4959
609 439 783 507 1478
1316 447 1533 496 Nova
1580 443 1986 493 vammum
2037 439 2118 489 lu

607 607 883 662 utrumque
904 593 1162 659 significat
1179 591 1220 656 z)
1256 605 1471 656 quorum
1494 595 1671 639 custos

608 687 721 728 erat
768 677 925 725 draco
972 671 1208 737 pervigil.
1252 670 1319 719 de
1360 668 1456 717 hoc
1494 673 1670 715 autem

610 755 857 811 dracone,
898 755 955 798 et
1009 747 1074 797 de
1122 743 1503 808 Hesperidibus
1552 743 1670 804 lege

609 830 897 880 Diodorum
931 827 1037 876 Sic.
1062 826 1149 874 lib.
1186 828 1236 873 4.
1279 821 1579 886 νίιἙῃᾹΞη.
1622 825 1670 868 4.

610 911 725 958 483.
760 911 1079 954 ‘monstrata
1124 901 1389 961 sacerdos,
1423 899 1674 960 Hesperi·

610 985 731 1032 dum
749 981 927 1044 templi
948 983 1141 1040 custos,
1158 978 1438 1040 epulasque
1461 973 1674 1022 draconi

612 1061 745 1111 Quae
782 1056 959 1116 dabat,
982 1061 1037 1104 et
1061 1067 1233 1103 sacros
1255 1052 1498 1100 servabat
1522 1052 1571 1099 in
1596 1065 1676 1098 ar-

609 1135 738 1184 bore
763 1132 965 1182 ramos!
1028 1130 1175 1179 Ordo
1194 1137 1369 1176 autem
1390 1134 1473 1175 est
1496 1128 1596 1188 hic,
1615 1129 1678 1176 'et

612 1213 725 1260 haec
754 1207 1040 1258 sententia:
1079 1207 1149 1254 Et
1186 1218 1399 1266 serpens
1430 1204 1537 1262 ille,
1569 1203 1678 1251 sive

613 1287 791 1346 draco,
826 1298 1037 1334 servans
1078 1294 1232 1329 aurea
1266 1279 1405 1327 mala
1426 1277 1678 1340 Hesperi-

612 1364 753 1421 dum,
776 1375 945 1425 asper,
962 1357 1193 1408 horribili
1218 1362 1454 1417 aspectu,
1470 1354 1684 1402 immani

612 1451 853 1502 corpore,
878 1436 1113 1485 arborem
1134 1433 1417 1494 amplexus,
1431 1431 1552 1494 quid
1568 1436 1682 1478 tau-

614 1513 732 1562 dem
756 1514 974 1571 obesset,
997 1511 1155 1572 juxta
1186 1509 1309 1556 litus
1342 1507 1681 1567 Atlantaenm,

618 1588 657 1637 i.
678 1601 725 1636 e.
750 1588 903 1635 maris
928 1584 1197 1640 Atlantici,
1238 1583 1303 1630 ad
1342 1582 1478 1646 qnod
1514 1595 1682 1644 neque

615 1664 884 1728 quisquam
924 1662 1182 1708 Romanus
1205 1657 1335 1718 adit,
1357 1669 1524 1721 neque
1543 1658 1683 1721 quis-

615 1753 765 1802 quam
803 1736 1053 1785 barbarus
1091 1734 1250 1781 audet
1290 1733 1467 1780 adire?
1515 1731 1682 1781 anb.

680 1817 744 1861 84
778 1811 965 1860 Acerba
1005 1810 1162 1871 tuens]
1195 1807 1405 1856 Acerbo
1446 1815 1686 1870 aspectu,

616 1889 803 1939 acerbe
849 1889 1073 1936 intuens.
1118 1885 1349 1933 imitatus
1395 1889 1477 1930 est
1531 1883 1683 1945 Virg.

618 1967 809 2027 Georg.
833 1969 885 2013 3.
929 1967 1038 2012 149.
1104 1960 1333 2022 ‘Asper‚
1372 1959 1561 2007 acerba
1603 1967 1684 2006 so-

617 2041 779 2091 nans)
816 2040 985 2089 Lamb.

682 2123 742 2166 35
779 2115 1017 2178 Stirpem]
1048 2114 1326 2161 Truncum.
1376 2109 1521 2172 Virg.
1565 2107 1682 2157 AEu.

618 2197 698 2242 12.
736 2193 851 2240 781.
909 2191 1189 2251 ‘lentoque
1226 2187 1277 2234 in
1314 2186 1478 2248 stirpe
1520 2199 1687 2234 mora-

618 2271 738 2320 tus!
772 2270 896 2318 ibid.
936 2273 1053 2317 2⁰8.
1092 2269 1107 2294 ⁸
1134 2268 1262 2316 Cum
1308 2264 1467 2314 semel
1508 2264 1559 2312 in
1602 2264 1687 2312 sil·

620 2347 696 2395 vis
738 2346 837 2394 imo
868 2344 935 2392 de
974 2344 1140 2407 stirpe
1162 2341 1384 2392 recisum
1408 2339 1581 2389 Matre
1605 2353 1686 2389 ca·

619 2421 735 2471 ret!
769 2421 937 2470 Lumb.

684 2501 749 2546 86
782 2497 993 2559 Propter
1034 2493 1329 2543 Atlantoeum
1365 2493 1525 2558 littus]
1558 2493 1686 2542 Cum

615 2575 671 2624 in
712 2574 948 2622 omnibus
967 2570 1113 2621 libris
1148 2583 1401 2621 manuscr.
1426 2583 1553 2634 quos
1576 2570 1689 2634 qui-

618 2649 739 2698 dem
762 2648 1000 2709 viderim,
1023 2647 1299 2710 Vaticano,
1326 2648 1467 2696 Tett.
1506 2647 1691 2698 Fa‘e'rn.

619 2727 825 2776 Bet-tiu.
851 2725 1329 2787 Memm.scriptum
1354 2726 1688 2789 reperissem,

626 2805 831 2870 Propter
865 2805 1123 2853 Atianeum
1156 2804 1305 2859 litas,-
1335 2804 1388 2850 iu
1420 2804 1558 2867 vulg.
1598 2817 1690 2852 au·-

646 2897 747 2945 em,
788 2882 969 2931 Oceani
998 2884 1191 2943 propter·
1213 2881 1359 2936 litus:
1396 2879 1568 2943 deque
1588 2880 1690 2930 hac

619 2959 893 3020 scripturae
911 2954 1323 3003 dissimilitudine
1336 2967 1455 3003 cum
1474 2954 1688 3006 Adrian.

618 3034 862 3083 Tui-nebo
908 3031 1387 3092 communicassem,
1422 3044 1690 3096 meamque

620 3101 967 3174 suspicionem
988 3115 1045 3157 et
1067 3108 1417 3171 conjecturam
1432 3108 1481 3156 ei
1500 3120 1687 3171 aperu-

620 3187 795 3247 issem,
844 3199 996 3250 quam
1040 3184 1297 3234 faciebam
1350 3199 1414 3233 ex
1476 3185 1688 3248 antiqua

620 3265 899 3326 scriptura,
916 3267 1032 3311 ‘cum
1053 3261 1300 3321 dicerem,
1320 3259 1373 3309 in
1392 3273 1517 3309 voce
1542 3262 1557 3288 ⁸
1571 3259 1688 3309 Ati-

620 3337 830 3388 aneum’
868 3338 1039 3386 inesse
1062 3336 1257 3400 aliquid
1283 3335 1487 3396 ulceris,
1506 3343 1562 3384 et
1581 3334 1688 3383 fot-

620 3423 759 3464 tasse
782 3414 937 3461 maris
960 3411 1214 3460 Atlantici
1233 3413 1355 3460 litus
1376 3412 1691 3474 significari3

620 3492 709 3539 ille
744 3503 905 3538 meam
944 3487 1285 3550 suspicionem
1325 3487 1688 3551 comprobans,

622 3567 697 3614 sic
742 3563 1023 3627 legendum
1063 3577 1177 3611 esse
1203 3562 1461 3625 judicavit
1494 3569 1692 3625 propter

620 3640 917 3688 Atlantaeum
953 3637 1106 3698 littus,
1142 3643 1296 3700 atque
1326 3638 1401 3686 ita
1429 3639 1692 3687 excuden-

622 3716 763 3776 dum,
820 3714 1179 3763 immutatione
1223 3711 1365 3762 facta
1416 3715 1692 3777 scripturae

622 3790 829 3850 veteris,
865 3803 1053 3852 nempe
1092 3794 1294 3838 mutato
1315 3791 1335 3839 ι·
1359 3791 1411 3838 in
1434 3792 1469 3853 l,
1490 3796 1545 3839 et
1570 3805 1638 3840 ex
1666 3807 1692 3842 e

621 3868 787 3918 vocali
827 3866 975 3917 facta
998 3867 1321 3930 diphthongo
1344 3883 1405 3928 ιε,
1430 3875 1485 3918 et
1510 3869 1693 3919 addito

623 3949 665 4006 t,
710 3959 825 4009 quae
871 3942 1169 3992 emendatio
1205 3943 1413 3991 minime
1460 3944 1690 3994 violenta

623 4025 723 4068 est.
788 4018 943 4070 Quod
980 4025 1157 4068 autem
1196 4017 1248 4066 in
1286 4019 1516 4067 secunda
1534 4018 1688 4070 editi·

624 4107 721 4143 one
760 4096 967 4157 vulgata
999 4092 1161 4143 lectio
1186 4099 1393 4142 retenta
1416 4100 1517 4157 est,
1535 4092 1690 4159 hujus

621 4169 751 4220 facti
787 4171 993 4234 culpam
1030 4173 1387 4236 typographus
1426 4174 1690 4222 sustinere

622 4247 799 4298 debet.
833 4247 1005 4297 Lamb.
1078 4249 1301 4313 Egregie
1319 4250 1606 4300 Lambinus
1621 4263 1688 4298 ex

622 4323 889 4374 veteribus
924 4323 1085 4373 libris.
1150 4325 1304 4388 vulg.
1344 4327 1523 4376 Οοεαηί
1550 4339 1690 4389 prop-

1449 4517 1496 4538 ‹-

1747 591 1839 649 ων,
1856 583 2104 649 pelag-tque
2124 595 2311 632 som«.
2345 579 2529 631 Gitan.
2563 585 2622 630 et
2659 581 2821 632 Voss.

1747 663 1812 713 de
1835 663 1988 713 Anni.
2010 666 2060 712 1.
2079 664 2161 710 41.

1813 741 2078 801 Pelageqnoe
2106 733 2290 798 severa]
2336 732 2427 783 Sic
2469 732 2664 782 habent
2699 732 2820 782 libri

1747 816 1972 880 quinque
1987 825 2245 862 manuscr.
2265 823 2360 874 per
2382 810 2398 838 ⁸
2417 811 2599 874 polege
2613 811 2820 860 severa-⁸

1750 898 1924 941 autem
1963 889 2199 952 intellige
2243 901 2346 937 nou
2389 887 2722 952 navigabilia,
2765 897 2825 939 et

1751 983 1869 1033 quae
1923 981 2028 1016 non
2071 966 2312 1030 praebent
2351 977 2410 1014 se
2453 965 2820 1027 navigantibus

1753 1048 1980 1111 placata,
2020 1051 2111 1095 aut
2151 1043 2349 1104 facilis,
2386 1043 2478 1092 sed
2519 1041 2726 1107 infesta,
2765 1048 2823 1094 et

1751 1122 1975 1171 inimica.
2039 1120 2129 1170 Sic
2164 1118 2383 1169 Plautus
2418 1118 2474 1166 in
2507 1118 2827 1184 Trinummo,

1753 1204 1805 1252 4.
1829 1204 1876 1248 1.
1914 1202 1964 1248 o.
1995 1196 2012 1224 ⁸
2031 1197 2339 1260 Neptunum
2371 1193 2636 1244 severnm’
2673 1194 2823 1245 dicit·

1755 1275 1842 1324 Sic
1881 1273 2018 1323 enim
2063 1273 2181 1322 ille=
2225 1273 2242 1301 ⁸
2264 1273 2506 1335 Namque
2551 1279 2606 1320 te
2645 1285 2823 1321 omnes

1755 1329 2457 1414 saevnmque‚⁸severumque‚
2478 1352 2634 1409 atque
2656 1347 2823 1397 avidis

1758 1427 1986 1477 moribus
2045 1423 2488 1474 commemorant.'
2543 1425 2620 1472 sic
2675 1424 2823 1488 virg.

1759 1505 1954 1568 Θεοῖς.
1991 1507 2040 1553 8.
2080 1507 2162 1552 85.
2193 1503 2212 1530 ⁸
2231 1501 2440 1550 Invidia
2460 1499 2642 1550 infelix
2674 1503 2825 1551 Furi.

1759 1595 1832 1643 as,
1855 1593 2162 1645 amnemque
2181 1591 2422 1629 severum
2445 1579 2629 1644 Cocyti
2659 1587 2826 1631 metu·

1760 1658 1851 1707 et.’
1918 1659 2118 1707 Iterum
2160 1657 2380 1706 Plautus
2415 1656 2615 1706 Cistell.
2652 1661 2700 1708 3.
2740 1661 2822 1707 15.

1758 1738 1774 1762 ⁸
1795 1735 1951 1784 Hand
1964 1733 2170 1785 voluisti
2186 1736 2320 1785 istnc
2339 1746 2581 1783 severam
2593 1734 2827 1784 facere?

1761 1828 1862 1877 quo
1901 1814 2015 1862 loco
2055 1812 2294 1860 Melaenis
2335 1812 2585 1860 meretrix
2630 1811 2828 1862 Alcesi-

1759 1889 2023 1937 marchum
2075 1887 2460 1937 adolescentem
2523 1887 2825 1952 alloquitur,

1760 1965 1849 2029 qui
1903 1977 1982 2025 se,
2039 1963 2237 2014 ferrum
2281 1970 2483 2025 teneus,
2525 1963 2824 2014 interficere

1761 2042 2014 2090 voluerat.
2080 2041 2230 2090 Licet
2251 2044 2422 2088 tamen
2445 2037 2670 2089 fortasse
2687 2041 2828 2103 lege-

1759 2131 1817 2166 re
1853 2129 2042 2180 sonoro,
2075 2123 2138 2167 ut
2173 2116 2372 2166 habent
2397 2114 2521 2164 iibri·
2541 2117 2682 2178 vulg.
2705 2131 2830 2165 nou-

1760 2194 1906 2244 nulli.
1974 2194 2094 2245 Qua
2134 2191 2204 2241 de
2240 2207 2295 2241 re
2324 2191 2570 2255 judicent
2599 2191 2824 2240 eruditi:

1759 2283 1859 2333 ego
1883 2270 2084 2318 interea
2117 2267 2244 2317 nihil
2275 2272 2436 2318 muto.
2498 2267 2634 2316 Vide
2666 2277 2830 2331 supra

1761 2350 1808 2396 4.
1831 2345 1944 2396 462.
1977 2347 1994 2374 ‘
2017 2359 2202 2395 severa
2223 2344 2430 2396 silentia
2451 2344 2621 2393 noctis
2655 2343 2829 2392 Undi-

1763 2440 1864 2490 que
1887 2439 2006 2475 cum
2030 2424 2308 2489 constant,’
2331 2428 2432 2474 ke.
2479 2423 2716 2488 ‘pelage’
2739 2439 2828 2472 au·

1765 2508 1872 2551 tem
1893 2503 2136 2551 Graecum
2155 2507 2240 2552 est
2251 2498 2460 2563 πελάγη,
2475 2507 2534 2549 ut
2549 2498 2674 2561 μέλη
2693 2501 2708 2528 ⁸
2726 2513 2829 2548 me-

1766 2580 1855 2629 le.’
1901 2579 1976 2629 sic
2019 2584 2069 2629 6.
2107 2583 2225 2629 619.
2287 2577 2395 2627 ⁸At
2436 2577 2625 2641 pelage
2664 2577 2828 2625 multa

1767 2662 1823 2704 et
1861 2657 1970 2706 late
2007 2655 2269 2705 substrata
2301 2652 2574 2703 videmus?
2604 2652 2828 2701 Iambin.

1764 2731 1974 2794 Σινγνδν
2003 2730 2234 2793 πέλαγος.
2290 2731 2308 2761 ⁸
2330 2741 2640 2793 amnemque
2683 2741 2830 2777 seve-

1765 2808 1913 2870 rum,’
1965 2809 2130 2872 Virgil
2171 2807 2239 2856 de
2283 2806 2602 2856 Acheronte.
2653 2803 2828 2854 Faber.

1764 2884 1962 2933 Eadem
2003 2899 2132 2934 voce
2175 2883 2337 2932 utitur
2389 2882 2574 2931 Manil.
2616 2885 2665 2930 2.
2712 2883 2827 2930 190.

1765 2961 1782 2988 ⁸
1802 2959 1982 3024 Atque
2015 2960 2128 3009 haec
2161 2957 2348 3008 seditio
2384 2958 2570 3022 pelage
2609 2968 2747 3005 nunc
2767 2955 2832 3003 si·

1765 3036 1890 3086 dere
1914 3037 2050 3084 lanae
2072 3033 2224 3084 Mota
2244 3033 2436 3084 tenet-³
2469 3031 2663 3081 Creech.

1827 3115 1890 3160 37
1929 3111 2035 3166 Quo
2053 3123 2200 3174 neque
2231 3115 2392 3158 noster
2423 3108 2530 3157 adit
2564 3107 2829 3170 qaisquam]

1764 3187 1948 3236 Cicero
1971 3193 2116 3236 certe
2151 3186 2338 3235 asserit
2380 3197 2474 3232 sua
2511 3188 2828 3246 tempestate

1761 3275 1863 3311 non
1897 3262 2052 3310 latius
2089 3261 2324 3324 navigari
2364 3260 2536 3310 solere
2575 3272 2728 3323 quam
2764 3257 2830 3306 ab

1759 3337 1908 3387 ostiis
1931 3337 2090 3387 Ponti
2115 3335 2302 3386 Euxini
2323 3335 2388 3386 ad
2413 3336 2678 3386 columnas
2703 3334 2834 3384 Her-

1763 3415 1910 3464 culis.
1945 3415 2118 3464 Faber.

1827 3494 1894 3540 40
1928 3490 2059 3538 Nam
2099 3491 2165 3538 cd
2194 3485 2441 3548 saliatem]
2488 3486 2626 3535 Nam
2669 3485 2828 3534 etiam

1764 3566 1915 3615 hodie
1950 3565 2015 3614 ad
2051 3565 2362 3626 satietatem,
2381 3560 2496 3626 πρὸς
2515 3560 2686 3624 κόρονε
2723 3559 2758 3608 i.
2781 3573 2828 3608 e.

1767 3641 1917 3691 valde
1941 3641 2144 3704 repleta
2163 3648 2243 3690 est
2266 3645 2405 3689 terra
2428 3637 2674 3688 ferarum.
2745 3637 2829 3684 De

1765 3718 1861 3768 hac
1904 3731 2034 3768 voce
2089 3716 2231 3767 alibi.
2293 3715 2460 3766 Lamb.
2501 3719 2550 3764 et
2597 3714 2728 3764 Voss.
2773 3715 2832 3761 de

1766 3795 1902 3844 Acal.
1923 3797 1971 3845 1.
1993 3796 2077 3844 48.
2101 3801 2156 3844 et
2179 3796 2238 3843 de
2265 3793 2534 3842 Comen-net.
2557 3795 2640 3840 80.

1829 3875 1892 3921 41
1927 3870 2112 3934 Sentit]
2142 3870 2229 3919 Sic
2251 3867 2548 3930 legendum,
2569 3872 2626 3914 et
2647 3865 2722 3915 ita
2743 3864 2833 3913 ha·-

1765 3946 1894 3996 bent
1913 3946 2033 3995 libri
2057 3945 2252 4008 aliquot
2267 3953 2524 3993 manuscr.
2543 3955 2649 3991 non
2665 3943 2832 3990 scatet.

1761 4021 1850 4071 Sic
1869 4019 1963 4071 inf.
1987 4023 2101 4072 59⁷.
2133 4023 2148 4049 ⁸
2168 4017 2485 4083 Largiflnum
2509 4018 2706 4067 fontem
2721 4030 2832 4065 sca-

1765 4102 1878 4146 tere
1895 4103 2049 4160 atque
2067 4107 2339 4158 erumpere
2355 4093 2582 4144 flumen!
2600 4093 2674 4141 sic
2691 4089 2833 4154 apud

1763 4171 1900 4220 hunc
1916 4172 1931 4198 ‘
1952 4168 2140 4233 fulgit,'
2157 4171 2173 4198 ⁸
2189 4168 2384 4231 fervit,’
2401 4172 2504 4218 dcc.
2519 4167 2685 4218 codex
2705 4167 2834 4214 Ber·

1763 4246 1988 4298 tinianus
2031 4253 2202 4295 tamen
2257 4248 2314 4293 et
2361 4243 2574 4293 Memm-
2618 4242 2834 4300 habent,

1767 4325 1911 4374 Nune
1943 4319 2089 4371 etiam
2123 4325 2271 4371 sonet.
2309 4320 2446 4370 unde
2466 4319 2674 4384 quidam
2697 4315 2836 4367 faci·

3124 210 3134 260 1,-
