3200 4959
582 454 756 523 1366

583 616 704 676 sita,
738 626 1024 665 cernamus.
1071 616 1240 665 Lamb.
1327 615 1536 666 Deinde
1579 630 1646 665 ex

587 691 818 742 tenebris
835 704 898 741 ea
915 692 1160 743 videntur
1173 709 1292 758 quae-
1303 701 1422 744 sunt
1439 696 1492 745 in
1508 694 1651 756 luce,

584 778 687 815 non
704 766 831 816 item
854 767 908 815 in
929 768 1045 817 luce
1066 784 1182 832 quae
1204 770 1258 818 in
1293 770 1555 820 tenebris:
1589 770 1645 819 id

583 854 774 904 nempe
795 841 854 891 fit
877 858 975 892 vss.
1001 848 1080 893 16.
1111 850 1330 908 propter
1362 846 1645 908 proti-usio-

583 928 700 965 nem
725 916 916 966 diversi
953 916 1120 980 aeris3
1145 934 1264 969 nam
1303 934 1418 969 cnm
1440 920 1645 969 lucidus

583 991 678 1040 aiir
700 994 1029 1043 tenebrosum
1048 995 1300 1060 sequitur,
1333 1002 1524 1060 purgat
1543 1010 1646 1046 me·

587 1074 702 1115 atus
725 1069 878 1127 oculi,
915 1069 992 1119 ita
1029 1078 1090 1119 nt
1129 1086 1299 1120 rerum
1337 1071 1646 1122 simulachra

582 1142 782 1192 intrare
806 1145 1022 1206 possint,
1059 1145 1150 1195 aer
1179 1147 1316 1195 enim
1339 1146 1542 1196 lucidus
1563 1153 1646 1195 est

588 1221 811 1282 tenuior,
830 1222 1072 1271 mobilior
1087 1224 1289 1285 saltem,
1310 1230 1368 1273 et
1387 1223 1570 1288 majori
1593 1223 1645 1271 vi

583 1295 783 1358 pollens
801 1310 818 1356 ς
849 1292 966 1345 euin
990 1300 1112 1347 ‘vero
1132 1297 1436 1348 tenebrosus
1458 1298 1547 1347 aer
1565 1298 1645 1347 lu-

581 1369 757 1419 cidum
779 1370 1136 1436 subsequatur,
1157 1380 1267 1423 tum
1283 1381 1485 1424 meatus
1505 1375 1645 1424 oculi

585 1440 654 1493 ab
677 1444 776 1493 isto
811 1445 971 1495 inerti
1004 1446 1128 1496 aii-re
1165 1448 1240 1495 ita
1261 1449 1570 1511 implentur,r
1583 1454 1647 1498 nt

583 1518 979 1570 advenientibus
1005 1535 1174 1571 rerum
1203 1524 1527 1573 'simulachris
1556 1538 1646 1573 ex-

587 1595 842 1659 cipiendis
865 1596 1086 1659 incapax
1111 1597 1320 1647 evadat.
1357 1598 1549 1648 Grcech.

649 1673 748 1718 340
770 1671 893 1719 Ater
913 1670 1007 1719 init
1027 1671 1206 1734 oculos]
1237 1672 1252 1700 ‘
1272 1672 1366 1733 niti
1385 1672 1522 1721 ocu-’
1553 1673 1645 1723 tri·

586 1744 808 1794 braehus
844 1759 939 1809 pro
978 1745 1230 1809 spondeo,
1263 1760 1358 1795 sen
1397 1746 1642 1811 dactyloz

585 1819 681 1868 nisi
707 1818 956 1883 dicamus,
989 1818 1157 1869 ‘init'
1191 1822 1384 1871 dictum
1404 1837 1498 1885 pro
1532 1826 1549 1852 ⁸
1569 1823 1645 1872 in-

585 1895 649 1944 iit
669 1894 703 1956 ς’
748 1903 966 1960 propter
1002 1910 1168 1961 eaque
1202 1898 1346 1948 ‘nit'
1377 1914 1496 1949 esse
1534 1902 1645 1950 lon-

587 1983 708 2033 gum
731 1989 746 2031 3
775 1972 910 2035 quod
935 1974 1098 2022 malo:
1123 1982 1181 2024 ut
1204 1989 1316 2039 sup·
1337 1980 1384 2026 1.
1407 1977 1491 2026 ⁷1.
1523 1978 1540 2005 ‘
1558 1978 1645 2026 In-

583 2046 712 2096 vitat
733 2048 888 2097 animi
911 2049 1194 2099 virtutem?
1211 2050 1390 2116 itaque
1411 2054 1647 2117 sequitur

584 2122 877 2185 ‘possedit’
910 2124 1141 2188 ejusdem
1166 2128 1435 2191 temporis.
1491 2128 1645 2179 Quod

583 2196 629 2246 si
654 2198 768 2261 quis
789 2199 886 2247 init
909 2199 960 2247 in
983 2202 1230 2261 prasenti
1269 2202 1446 2263 legere
1467 2204 1646 2265 malet,

583 2272 724 2335 quod
765 2272 974 2335 probari
1014 2280 1209 2337 potest,
1243 2290 1410 2339 neque
1433 2283 1514 2327 cst
1538 2278 1646 2327 inn-

585 2346 830 2407 sitatum3
859 2348 1062 2410 possidit
1105 2351 1208 2399 erit
1250 2351 1547 2415 legendum,
1591 2352 1644 2401 in

523 2429 530 2433 ‘
583 2421 854 2483 praesenti,
895 2437 927 2470 a
967 2422 1128 2472 verbo
1167 2424 1394 2493 possido,
1434 2425 1546 2477 dis:
1585 2434 1646 2476 ut

575 2496 690 2561 jam
728 2496 917 2548 dicam.
983 2498 1084 2547 Sed
1125 2500 1334 2548 omnino
1369 2502 1504 2551 malo
1539 2502 1645 2567 legi

580 2574 812 2636 possedit,
845 2579 902 2623 et
917 2574 1014 2623 init
1031 2574 1107 2623 sic
1131 2574 1318 2639 accipi,
1339 2582 1400 2626 nt
1421 2577 1490 2627 sit
1512 2593 1645 2642 prae·

590 2647 822 2699 teritum.
852 2650 1020 2699 Lomb.
1063 2650 1186 2699 Sive
1209 2650 1324 2714 init,
1345 2658 1400 2701 et
1425 2654 1647 2716 possidit

587 2728 644 2771 et
670 2737 746 2771 vs.
769 2726 882 2773 346.
915 2729 930 2752 ‘
949 2724 1268 2787 obsiderat,'
1291 2732 1352 2774 nt
1380 2726 1396 2754 ‘
1413 2727 1645 2777 Obsidit-

585 2810 688 2862 qne
712 2797 852 2846 vias'
885 2814 960 2854 vs.
993 2804 1110 2850 352.
1145 2800 1361 2864 perinde
1393 2809 1504 2853 est:
1538 2819 1645 2854 om-

583 2874 709 2923 nino
733 2882 904 2923 autem
926 2876 1200 2941 legendum
1222 2892 1249 2927 e
1263 2880 1363 2927 luce
1381 2894 1480 2928 non
1501 2896 1531 2929 a
1545 2882 1647 2931 lucc

577 2953 664 2999 hvs.
687 2952 804 2999 349.
827 2957 884 3000 et
904 2966 980 3000 vs.
999 2954 1114 3001 353.
1146 2953 1372 3017 conjecta,
1403 2970 1506 3005 non
1539 2972 1647 3006 con-

589 3028 733 3087 tecto,
771 3033 831 3074 ut
877 3026 1159 3077 Lambinus
1192 3031 1486 3094 contendit,
1520 3047 1645 3097 quo-

587 3099 723 3149 niam
743 3115 844 3151 vox
865 3104 1093 3166 adoperta
1124 3104 1178 3153 in
1201 3119 1277 3155 vs.
1299 3110 1414 3156 347.
1436 3107 1647 3171 legitur.

591 3176 786 3227 (ἔνιοι-ὴ.

657 3252 726 3301 Et
743 3254 974 3317 possedit]
995 3254 1218 3307 Quidam
1235 3256 1414 3319 legunt
1425 3258 1645 3321 possidit,

589 3339 621 3375 a
643 3326 803 3375 verbo
839 3329 975 3391 sido,
1011 3330 1125 3379 dis:
1161 3338 1219 3379 nt
1256 3333 1396 3382 infra
1433 3347 1507 3385 vs.
1528 3338 1645 3385 352.

589 3400 606 3428 ‘
635 3398 948 3465 obsiditque
992 3403 1100 3453 vias
1143 3407 1444 3455 oculorum)
1496 3418 1550 3459 et
1595 3414 1643 3459 1.

589 3479 706 3525 387.
738 3474 755 3503 ‘
774 3476 1004 3540 possidat
1027 3478 1222 3529 inane.'
1255 3488 1311 3529 et
1347 3482 1466 3531 alibi
1495 3485 1647 3545 persi·

583 3551 682 3613 dit,
701 3558 757 3601 et
773 3554 958 3603 residit.
993 3555 1106 3617 Ego
1125 3555 1248 3603 nihil
1267 3556 1648 3610 mutuo.‘Loml›.

591 3623 664 3675 Et
679 3628 898 3689 possidit.
915 3629 997 3679 Ita
1013 3630 1202 3693 malim,
1225 3638 1436 3696 petente
1454 3634 1506 3684 id
1531 3651 1646 3686 sen-

592 3705 775 3754 tentia.
820 3706 884 3754 Iu
907 3705 1084 3755 libris:
1112 3708 1338 3769 possedit.
1395 3710 1482 3759 Ita
1503 3726 1645 3776 saepe

590 3779 866 3830 variatum.
901 3780 1068 3841 chfan.

655 3857 751 3903 341
785 3854 990 3904 Lucidus
1021 3856 1128 3919 aiir]
1159 3856 1471 3910 Aristoteles
1505 3861 1647 3912 dice·

591 3934 696 3991 ret,
715 3929 781 3978 ad
803 3930 1006 3980 oculum
1030 3933 1300 3995 pervenire
1324 3932 1573 3999 ἐνέργειαν,
1610 3938 1645 3987 i.

525 4024 528 4031 ·
591 4019 642 4054 e.
697 4006 952 4055 actionem
1007 4006 1192 4057 coloris
1244 4010 1364 4081 luce
1433 4014 1647 4076 perfusi.

589 4080 760 4131 lamb.

661 4161 758 4208 349
797 4158 841 4206 Ε
873 4157 998 4221 luce]
1031 4158 1116 4207 Sic
1156 4158 1348 4209 habeut
1390 4162 1508 4211 libri
1548 4178 1650 4213 ma-

591 4232 763 4282 nuscr.
777 4232 897 4295 duo,
912 4232 966 4282 in
983 4231 1166 4297 quibus
1181 4243 1262 4285 est
1273 4236 1644 4288 Memmianus:

589 4322 718 4371 non,
737 4307 1105 4371 utalii,c1uce.
1137 4309 1217 4361 sic
1249 4326 1364 4377 sup.
1398 4313 1532 4364 dixit.
1570 4328 1643 4364 vs.

1277 474 1491 522 No‘rAE
1539 474 1881 525 vAluoRU
1894 476 1945 523 Μ
1995 478 2071 524 ΙΝ

1718 620 1833 665 338.
1898 618 1915 645 ‘
1941 618 1986 666 E
2010 616 2242 666 tenebris
2266 616 2477 667 autem?
2505 618 2673 670 Lame».
2710 618 2780 667 In

1720 692 1869 741 aliis:
1904 708 1953 742 α.
1998 691 2173 743 Gifan.
2236 708 2242 713 ·

1788 770 1884 817 353
1928 770 2154 817 Contecta
2194 768 2395 831 meva-5]
2426 768 2625 819 Omnes
2659 767 2773 817 fere

1718 840 1835 891 libri
1860 858 2117 893 manuscr.
2137 843 2331 893 babent
2352 850 2561 894 contecta
2575 862 2593 895 .·
2633 844 2777 893 >unde

1718 918 1837 967 olim
1882 916 2187 980 suspicabar
2226 920 2500 983 legendum
2546 917 2777 981 emicem,

1719 1000 1807 1041 aut
1828 996 2051 1044 conlecta.
2120 995 2255 1043 Nam
2280 994 2429 1057 apud
2452 995 2586 1044 bunc
2610 996 2775 1057 scri-p-

1718 1073 1881 1117 torem
1914 1070 1931 1096 ⁸
1950 1068 2233 1133 conjectus’
2270 1068 2405 1117 idern
2442 1070 2581 1118 valet
2612 1069 2774 1117 inter-

1718 1144 1837 1193 dum
1859 1145 1997 1209 quod
2030 1144 2279 1193 collectus
2318 1151 2373 1193 et
2412 1148 2773 1207 congregatum

1720 1220 1835 1270 Nisi
1861 1220 2089 1268 dicamus
2125 1218 2313 1283 ubique
2352 1219 2627 1281 legendum
2654 1234 2773 1267 ‘eon-

1717 1298 1877 1345 lectica.
1910 1296 2016 1345 Sed
2036 1296 2209 1357 placet
2224 1308 2359 1341 nunc
2378 1294 2589 1345 retineri
2615 1294 2775 1359 scrip·

1719 1379 1886 1421 turam
1932 1376 2178 1429 veterem,
2214 1374 2460 1418 contecta.-
2509 1366 2645 1432 quod
2679 1381 2773 1431 op·

1721 1446 1932 1508 ponitur
1952 1445 2029 1493 illi
2050 1446 2188 1509 qnod
2224 1458 2382 1507 supra
2422 1444 2647 1507 positum
2668 1450 2773 1505 est,

1719 1524 1736 1552 ‘
1756 1522 2037 1585 adaperta:
2138 1522 2507 1570 Verumtamen
2564 1514 2775 1583 judicet

1716 1599 1883 1647 lector
1903 1597 2152 1646 eruditus.
2185 1596 2353 1646 LomB.
2423 1596 2665 1657 Coeles-ta,
2697 1593 2773 1645 sic

1717 1672 1987 1735 legendum
2012 1686 2078 1720 ex
2107 1671 2341 1720 omnibus
2363 1676 2469 1719 vet.
2518 1670 2775 1719 Marullus

1718 1754 1775 1796 et
1798 1748 1937 1810 vulg.
1956 1746 2176 1806 conjecto.
2206 1743 2387 1795 Gifan.

1786 1826 1882 1871 354
1937 1822 2295 1883 Quadratasque
2350 1822 2516 1883 procul
2568 1821 2773 1884 turreis]

1720 1896 1875 1947 Nunc
1908 1897 2176 1945 nonnullas
2222 1896 2359 1944 visus
2404 1894 2640 1945 fallacias
2680 1909 2775 1945 sen

1719 1972 1988 2035 captiones
2006 1970 2250 2034 proponit
2274 1985 2292 2019 ι
2322 1984 2447 2034 quas
2480 1977 2651 2019 tamen
2684 1981 2775 2020 ne·

1721 2056 1813 2111 gat
1835 2062 1951 2097 esse
1988 2046 2227 2095 fallacias
2264 2060 2465 2109 sensus,
2498 2048 2589 2096 sed
2615 2048 2778 2097 animi·

1719 2124 2067 2187 opinationes.
2131 2122 2250 2173 Qua
2309 2121 2377 2171 de
2418 2138 2476 2171 re
2518 2123 2773 2185 legendus

1722 2198 1789 2249 Q.
1844 2196 2127 2260 Septimius
2174 2196 2386 2247 Florens
2423 2196 2776 2245 Tertullianus

1718 2270 1809 2321 lib.
1832 2272 1897 2319 de
1922 2272 2108 2331 anima,
2142 2270 2229 2319 ubi
2264 2270 2335 2320 de
2365 2271 2589 2335 quinque
2614 2272 2775 2320 sensi·

1719 2348 1813 2396 bus
1846 2346 2109 2410 disputan
2144 2346 2289 2409 cujus
2314 2346 2571 2395 sententia
2602 2356 2773 2413 neque

1720 2438 1901 2472 sensus
1933 2422 2198 2480 mentitur,
2231 2436 2397 2484 neque
2430 2420 2623 2484 opinio.
2688 2421 2775 2473 Ita

1720 2500 1908 2562 partim
1948 2497 2229 2547 assentitur
2282 2497 2528 2560 Epicuro,
2580 2492 2773 2561 partim

1720 2576 1981 2624 dissentit.
2016 2574 2154 2623 Satis
2179 2582 2349 2623 autem
2375 2574 2693 2636 probabilem
2714 2580 2773 2623 et

1720 2660 1923 2701 acutam
1947 2651 2201 2699 rationem
2224 2648 2420 2709 reddit,
2450 2662 2610 2712 qnare
2648 2662 2773 2712 qun·

1721 2727 1872 2777 drata
1896 2725 2062 2789 figura
2082 2724 2260 2787 procul
2286 2724 2777 2774 rotundavideaturt

1722 2803 1959 2867 quoniam
1998 2800 2203 2849 scilicet
2246 2798 2412 2847 omnis
2453 2798 2776 2861 angulus,‘ui

1718 2878 1921 2941 longius
1944 2878 2129 2937 distet,
2164 2874 2381 2924 obtusus
2418 2873 2646 2935 videtur,
2678 2886 2773 2923 sen

1720 2955 1891 3017 potius
1938 2966 2037 2999 uon
2083 2951 2322 2999 videtur:
2370 2950 2519 3011 cujus
2554 2950 2773 2999 rationis

1719 3043 1875 3078 causa
1896 3033 1997 3087 est,
2042 3022 2201 3088 qnod,
2237 3024 2360 3071 dum
2397 3024 2665 3071 simulacra
2696 3024 2774 3073 rei

1721 3118 1833 3167 quae
1874 3102 2125 3160 cernitur,
2162 3112 2256 3162 per
2298 3098 2520 3145 multum
2549 3097 2676 3146 aera
2696 3096 2772 3147 fe-

1716 3184 1923 3239 runtur,
1954 3174 2021 3225 ab
2044 3189 2107 3223 eo
2132 3173 2252 3223 aere
2289 3173 2463 3235 anguli
2488 3173 2641 3233 ictus,
2661 3174 2773 3225 sive

1718 3253 1830 3316 ipse
1847 3252 2079 3314 angulus,
2092 3247 2429 3309 obtunditur3.
2444 3254 2501 3298 et
2514 3249 2585 3298 ita
2600 3248 2776 3299 viden·

1719 3331 1773 3380 di
1791 3345 1994 3379 sensum
2009 3328 2207 3392 effugit.
2226 3343 2327 3394 quo
2348 3326 2428 3388 fit,
2444 3335 2503 3378 ut
2520 3344 2637 3393 qnae
2654 3337 2775 3379 suut

1720 3408 1992 3471 quadrata,
2014 3413 2277 3470 tamquam
2307 3403 2532 3453 rotunda
2568 3405 2777 3455 videan-

1724 3490 1824 3532 tur.
1893 3480 2253 3531 Mathematici
2292 3486 2348 3527 et
2384 3478 2547 3542 optici
2580 3479 2677 3531 hoc
2698 3480 2773 3531 sie

1720 3556 2175 3607 demonstran-enta
2226 3553 2486 3616 Quicquid
2528 3555 2777 3616 cernitur,

1720 3632 1987 3681 definitam
2026 3629 2185 3677 habet
2217 3628 2319 3676 loci
2354 3627 2677 3690 distantiam,
2700 3630 2775 3680 ul-

1722 3716 1805 3756 tra
1838 3721 1987 3770 quam
2027 3718 2129 3753 non
2172 3709 2350 3767 potest
2388 3704 2547 3752 cerni.
2613 3705 2773 3767 Finge

1718 3783 1894 3845 igitur,
1932 3779 2336 3843 magnitudinem
2376 3778 2601 3843 aliquam
2620 3780 2671 3827 in
2694 3782 2771 3829 ul-

1722 3858 1847 3907 tima
1879 3854 2127 3905 distantia
2140 3853 2303 3903 cerni.
2336 3860 2581 3904 cernetur
2611 3854 2773 3916 igitur

1722 3933 1815 3982 sub
1840 3946 1989 3996 quam
2007 3929 2216 3979 minimo
2237 3926 2351 3977 fieri
2375 3934 2544 3991 potest
2566 3929 2775 3991 angulo.

1726 4009 2073 4057 Removeatur
2126 4019 2263 4053 nunc
2304 4005 2417 4053 haec
2472 4005 2774 4066 magnitudo

1722 4084 1919 4145 longius
1958 4082 2023 4129 ab
2059 4080 2236 4139 oculo;
2294 4078 2772 4142 proculdubionon

1722 4165 1983 4207 cernetur.
2022 4157 2214 4220 alioqui
2251 4154 2345 4203 sub
2368 4155 2563 4203 minore
2584 4154 2769 4215 angulo

1720 4242 2043 4296 cerneretur,
2082 4246 2229 4299 quam
2266 4231 2350 4295 qui
2394 4237 2477 4279 est
2514 4229 2774 4292 minimus,

1720 4312 1859 4378 quod
1874 4310 1989 4361 fieri
2011 4324 2111 4361 non
2135 4316 2309 4373 potest
2331 4323 2345 4357 ε
2368 4305 2666 4369 magnitudo
2680 4320 2773 4369 any·
