3200 4959
597 408 769 473 1392

591 566 806 627 collibus,
821 566 956 629 ipsis,
980 565 1149 627 Verba,
1163 566 1469 627 repulsantes,
1491 564 1653 611 trade·

595 642 709 691 bant
737 642 868 691 dicta
894 642 1088 701 referre.
1123 641 1157 689 i.
1193 655 1242 689 e.
1273 641 1348 689 ita
1380 640 1538 688 colles
1571 654 1652 687 re·

595 720 860 782 pulsantes
893 718 1109 767 collibus
1148 716 1305 766 verba
1335 716 1498 779 dicta,
1543 722 1652 765 tra·

595 794 793 844 debant
813 794 938 857 ipsis
960 792 1174 842 referre.
1210 791 1394 840 Haver.

597 910 607 917 .
659 874 759 921 584
795 868 1099 934 Capripedes]
1131 866 1445 931 Τραγάποδαε.
1475 868 1655 917 Utitur

597 947 784 1015 eadem
817 961 947 997 voce
981 946 1112 995 Hor.
1150 944 1256 994 Od.
1288 945 1380 995 lib.
1411 949 1464 993 2.
1504 948 1576 994 19.
1604 948 1653 995 3.

595 1026 612 1053 ‘
648 1024 1018 1087 Nymphasque
1081 1021 1384 1081 discenteis,
1446 1026 1502 1069 et
1565 1035 1655 1069 au·

597 1100 699 1149 reis
729 1099 1080 1163 Capripedum
1112 1098 1412 1163 Satyrorum
1443 1097 1657 1149 acutas·²

662 1231 757 1299 5‘85
796 1250 864 1299 Et
899 1249 1085 1299 Faunos
1103 1262 1202 1298 esse
1235 1247 1509 1311 loquuntur]
1541 1248 1655 1298 Cic.

595 1330 644 1375 2.
665 1326 734 1375 de
771 1325 840 1375 N.
880 1324 950 1372 D.
985 1338 1102 1387 cap.
1129 1329 1178 1373 2.
1242 1328 1257 1351 ‘
1278 1325 1432 1388 Saepe
1454 1325 1655 1373 Fauno-

594 1416 708 1451 rum
726 1414 878 1450 voces
893 1400 1170 1461 exauditae,
1183 1415 1322 1465 saepe
1337 1402 1461 1451 visae
1474 1400 1654 1451 formae

595 1480 848 1542 Deorum,
877 1478 1107 1543 quemvis
1143 1492 1244 1527 non
1294 1484 1385 1527 aut
1415 1478 1655 1527 hebetem

595 1561 688 1604 aut
728 1555 944 1617 impium
995 1554 1136 1601 Deos
1187 1554 1490 1615 praesenteis
1537 1568 1654 1603 esse

595 1630 835 1680 confiteri
863 1628 1180 1691 coegerunt?
1211 1628 1386 1690 Preig.
1431 1628 1554 1678 Huc
1576 1642 1656 1677 re-

594 1706 702 1755 fert
719 1705 880 1754 etiam
897 1702 1123 1753 Turneb.
1147 1702 1282 1752 Adur.
1308 1708 1357 1754 8.
1386 1709 1467 1753 15.
1511 1703 1654 1753 Hor.

595 1778 703 1829 Od.
726 1783 775 1829 1.
797 1784 875 1830 17.
896 1794 1012 1843 quse
1031 1778 1248 1841 incipit:
1282 1778 1298 1805 ⁴
1317 1778 1484 1827 Velox
1501 1793 1657 1828 amoe·

595 1871 718 1905 num
741 1870 878 1919 saepe
911 1854 1228 1905 Lucretilem
1256 1854 1438 1903 Mutat
1461 1854 1655 1919 Lycaeo

595 1932 821 1993 Faunus,
839 1936 896 1980 et
917 1930 1121 1995 igneam
1141 1926 1399 1979 Defendit
1420 1936 1656 1979 estatem

591 2005 851 2069 capellis.'
869 2012 926 2055 et
950 2020 1025 2055 vs.
1049 2004 1242 2055 ibidem
1268 2009 1349 2053 10.
1412 2004 1429 2031 ‘
1453 2005 1654 2055 Utcun-

595 2096 698 2147 que
719 2081 879 2145 dulci,
899 2082 1149 2145 Tyndari,
1169 2080 1346 2130 fistula
1377 2082 1569 2145 Valles,
1595 2090 1656 2133 et

593 2159 794 2209 Usticae
835 2160 1081 2210 cubantis
1134 2158 1295 2209 Levia
1337 2172 1657 2222 personuere

593 2236 754 2286 saxa?
787 2236 920 2285 Hac.

592 2349 598 2354 .
657 2314 754 2359 587
769 2308 975 2359 Silentia
986 2307 1165 2371 rumpi]
1184 2307 1227 2357 1.
1241 2322 1288 2357 e.
1301 2323 1480 2359 vocem
1497 2308 1655 2359 mitti.

592 2384 746 2449 virg.
763 2384 879 2433 AEn.
900 2389 980 2433 10.
1000 2388 1088 2439 63.
1107 2384 1123 2411 ⁴
1141 2384 1264 2447 quid
1281 2398 1363 2432 me
1379 2385 1654 2434 altasilen·

589 2462 666 2510 tia
688 2461 830 2524 cogis
853 2462 1116 2524 Rumpere
1129 2460 1165 2509 Ρ
1197 2476 1293 2524 pro
1327 2460 1510 2511 eodem
1540 2462 1655 2512 fere

592 2537 832 2601 dicimus,
895 2538 912 2566 ‘
947 2551 1188 2600 rumpere
1244 2537 1457 2599 vocem,’
1515 2539 1655 2603 quod

592 2614 770 2665 Graeci
793 2614 976 2664 dicunt
1009 2614 1138 2677 ῥῆξαι
1157 2612 1334 2677 φωνὴν,
1367 2621 1428 2663 ut
1459 2616 1656 2665 notavi·

589 2705 704 2740 mus
767 2692 818 2740 in
883 2691 1262 2741 commentariis
1323 2690 1655 2743 Horatianis.

593 2870 600 2875 -
653 2846 752 2892 588
809 2843 1192 2908 Cher-durumque
1225 2844 1385 2907 sonos]
1437 2843 1656 2895 Permu-

589 2918 694 2969 tari
715 2926 771 2968 et
793 2920 1086 2982 promiscue
1125 2922 1244 2985 poni
1280 2922 1296 2949 ‘
1317 2920 1567 2969 chordas'
1600 2927 1657 2971 et

587 2998 604 3029 ⁴
623 2993 816 3055 tibias,'
837 2995 964 3044 licet
986 3010 1170 3045 revera
1191 2996 1412 3045 diversae
1435 2996 1540 3045 sint
1563 3012 1652 3045 no-

591 3078 672 3121 tat
694 3073 846 3120 Voss·
867 3071 934 3121 ad
961 3072 1150 3123 Catuli.
1189 3086 1309 3136 pag.
1345 3075 1458 3121 167.
1493 3079 1651 3136 atque

587 3148 672 3197 hic
696 3147 850 3197 tibias
871 3162 986 3197 esse
1018 3148 1402 3210 intelligendas,
1435 3148 1654 3199 undeet

585 3222 682 3271 inf.
705 3228 754 3272 5.
780 3227 924 3274 1389.
955 3223 1116 3287 legit:
1149 3223 1316 3275 ‘Haec
1345 3223 1546 3272 animos
1577 3225 1652 3274 ol-

589 3299 651 3347 lis
690 3300 987 3349 mulcebant
1025 3305 1186 3363 atque
1221 3299 1480 3363 juvabant
1518 3300 1651 3350 Cum

589 3376 779 3425 satiate
821 3375 956 3425 cibi:
1008 3390 1128 3424 nam
1167 3384 1271 3424 tum
1315 3382 1438 3425 sunt
1475 3378 1651 3426 omnia

585 3450 830 3501 chordae:
895 3451 1050 3502 Unde
1074 3459 1128 3503 et
1146 3453 1270 3504 Juv.
1293 3454 1505 3514 dixerit,
1535 3455 1647 3504 Sat.

588 3532 636 3578 3.
657 3530 738 3576 63.
772 3528 787 3555 ‘
805 3534 860 3578 et
885 3544 1000 3580 cum
1022 3529 1234 3578 tibicine
1257 3529 1474 3578 chordas
1500 3530 1649 3579 Obli-

589 3604 755 3667 quas?
788 3605 926 3669 quod
959 3604 1160 3655 scilicet
1190 3604 1449 3668 obliquare
1487 3610 1649 3667 caput

588 3688 809 3743 cogatur
839 3680 1051 3741 tibicen,
1089 3676 1359 3729 inflaturas
1393 3693 1554 3742 genus
1585 3679 1651 3727 is·

587 3756 680 3806 tud
703 3756 962 3805 tibiarum.
995 3755 1127 3803 Hau.

588 3869 602 3877 ..
652 3834 750 3879 690
789 3832 856 3879 Et
871 3845 1024 3891 genus
1041 3829 1342 3892 Agricolam]
1380 3830 1490 3879 Pro
1515 3830 1647 3893 agri-

585 3908 853 3957 colarum:
890 3912 948 3955 ut
981 3907 1116 3969 apud
1154 3907 1426 3956 Maronem
1449 3906 1647 3970 Georg.

585 3986 637 4031 3.
677 3986 758 4031 27.
790 3984 806 4010 ‘
829 3981 1181 4045 Gangaridum
1217 3980 1446 4032 faciam:
1485 3984 1648 4033 victo-

582 4057 758 4120 risque
781 4072 924 4107 arma
945 4056 1184 4107 Quirini!
1214 4057 1305 4107 ubi
1324 4060 1407 4107 vel
1431 4068 1647 4110 auc-tore

583 4133 768 4183 Servio
789 4147 882 4197 pro
906 4133 1318 4197 Gangaridarum
1342 4136 1534 4198 posuit.
1569 4136 1643 4184 di-

583 4215 708 4259 cunt
729 4209 971 4272 agricolae
999 4207 1202 4259 finitimi
1233 4212 1426 4260 sentire
1459 4218 1645 4261 cantus

583 4297 642 4335 et
683 4284 898 4335 choreas
931 4285 1110 4334 horum
1147 4293 1453 4351 satyrorum.
1505 4288 1643 4337 Pius.

1301 422 1516 469 No'rAE
1563 420 1965 470 vammum
2014 422 2094 470 IN

1728 563 1801 611 Et
1838 577 1989 624 genus
2018 560 2313 625 Agricolam,
2344 565 2427 625 ξε.
2506 563 2788 627 caprarius

1725 638 1865 701 apud
1885 639 2251 688 Theocritum:
2285 638 2359 685 Οὐ
2378 638 2523 701 θέμις,
2544 637 2583 687 ὧ
2604 641 2791 705 vum,

1726 714 1785 763 τὸ
1804 714 2139 777 μεσαμβρινὸν,
2177 714 2231 763 οὐ
2248 712 2373 775 θέμις
2394 714 2538 775 ὔμμιν
2556 714 2790 779 Συρία-ὗεν·

1726 789 1815 839 τὸν
1852 792 1986 839 Πᾶνα
2022 790 2297 853 dehiscens,
2328 789 2361 849 ἦ
2395 791 2489 854 ’γὰρ
2524 790 2607 839 ἀπ’
2644 791 2795 857 ἄγρας

1726 866 1901 916 Τανύεα
1934 868 2173 929 κεκμηκὸς
2192 864 2470 928 ἀμπαύει-αι·
2511 867 2609 916 ἐντί
2636 886 2697 930 ’γε
2715 886 2793 918 τη-

1724 943 1854 1007 κρὸς,
1888 942 1983 993 Καί
2022 944 2068 993 ol
2098 942 2173 993 ἀεὶ
2201 945 2379 1007 δριμεῖα
2411 943 2541 1006 χολὰ
2572 946 2684 994 ml
2702 946 2794 1009 ῥινὶ

1728 1018 1935 1079 κάθηται.
1971 1020 2165 1069 Greecls.

1797 1098 1920 1147 Cum
1955 1098 2063 1147 Pan
2103 1098 2257 1148 Pinea
2289 1097 2525 1160 semiferi]
2560 1100 2675 1149 Pan
2706 1101 2791 1164 pi-

1730 1188 1881 1223 neam
1902 1188 2146 1223 coronam
2170 1174 2223 1223 in
2242 1175 2425 1237 capite
2446 1175 2599 1237 gerit,
2612 1190 2796 1225 cornu-

1728 1254 1918 1313 tnsque
1938 1247 2165 1312 fingitur.
2199 1264 2393 1299 cornua
2413 1256 2603 1312 autem,
2625 1252 2794 1301 radio·

1730 1339 1842 1373 rum
1865 1324 2007 1387 solis,
2024 1332 2082 1374 et
2102 1340 2351 1375 cornuum
2384 1328 2521 1375 lunas
2558 1327 2793 1377 similitu-

1728 1398 1900 1448 dinem
1922 1399 2180 1465 quandam
2216 1402 2474 1466 praebent.
2542 1402 2793 1453 Fistul-am

1728 1482 1931 1539 septem
1980 1477 2192 1527 calamis
2248 1485 2577 1541 compactam
2628 1482 2796 1530 altera

1728 1566 1883 1601 manu
1926 1558 2097 1615 tenet,
2124 1554 2293 1603 altera
2316 1554 2529 1617 pedum,
2561 1554 2597 1605 i.
2621 1570 2669 1605 e.
2692 1554 2794 1605 ba-

1728 1630 1902 1679 culum
1940 1627 2185 1679 inflexum
2222 1636 2279 1680 et
2322 1630 2611 1680 incurvum.
2644 1630 2793 1694 pedi-

1728 1704 1823 1753 bus
1866 1704 2092 1768 caprinis
2130 1705 2388 1768 praeditus
2430 1714 2535 1756 est.
2618 1705 2793 1769 Adde,

1727 1780 1862 1845 quod
1888 1781 2169 1831 solitudine
2192 1780 2506 1847 delectatur,
2540 1788 2599 1833 et
2630 1784 2795 1831 maxi-

1727 1870 1812 1905 me
1830 1856 1947 1905 loca
1966 1856 2229 1907 maritima
2250 1858 2409 1909 colite
2444 1858 2665 1923 ideoque
2688 1858 2793 1908 ἁλί-

1727 1940 1977 1994 πλαγκτοι·
2026 1949 2057 1983 a
2100 1934 2307 1985 Graecis
2359 1935 2681 1999 appellatur,
2736 1944 2795 1985 ct

1729 2009 1995 2059 Echonem
2018 2024 2195 2059 amare
2226 2010 2575 2061 existimatur.
2638 2012 2795 2061 Mare

1728 2090 1901 2134 autem
1924 2082 2174 2147 παλύηχον
2184 2093 2288 2150 est,
2309 2086 2343 2137 i.
2358 2100 2408 2138 e.
2430 2101 2687 2152 sonorum,
2709 2102 2794 2137 vo-

1728 2160 1865 2222 cale,
1888 2166 1945 2211 et
1963 2161 2266 2213 clamosum.
2302 2162 2473 2212 Loenb.

1792 2240 1888 2287 691
1942 2237 2186 2287 Velamina
2225 2237 2472 2301 quassans]
2526 2236 2791 2289 Quoniam

1726 2317 1947 2377 uterque
1984 2313 2165 2363 Codex
2186 2315 2427 2364 Vossian.
2456 2328 2597 2362 nunc
2627 2314 2797 2376 Lugd-

1728 2388 1849 2438 Bat.
1880 2390 2111 2438 elimina
2130 2388 2349 2451 habent,
2366 2388 2509 2439 unde
2529 2389 2640 2452 ipsc
2664 2388 2794 2437 Vos-

1728 2463 1833 2513 sius
1878 2472 2015 2515 teste
2058 2465 2255 2515 Codice
2299 2480 2435 2528 mee,
2481 2464 2794 2515 Beverlandi

1727 2539 2010 2605 quondam,
2027 2541 2239 2603 legebat
2254 2542 2525 2593 valloniam.
2558 2542 2655 2591 Cui
2671 2556 2792 2589 con·
2864 2568 2867 2571 ·

1718 2616 1941 2680 jecturae
1962 2617 2265 2667 roborandae
2290 2618 2549 2667 adducere
2587 2631 2793 2681 possum

1730 2706 1933 2741 versum
1965 2694 2125 2743 etiam
2162 2695 2548 2757 Lucretianum,
2580 2694 2669 2757 qui
2702 2706 2792 2742 ex-

1726 2773 1835 2817 stat
1856 2775 1906 2817 5.
1928 2774 2011 2820 27.
2042 2771 2060 2798 ‘
2082 2770 2269 2835 Hydra
2302 2772 2576 2820 venenatis
2610 2778 2793 2834 posset

1728 2844 1921 2892 vallata
1950 2845 2177 2895 colubris
2193 2844 2229 2894 ?'
2262 2846 2389 2896 item
2426 2848 2666 2907 alterum,
2698 2846 2791 2895 ubi

1730 2920 1799 2969 de
1842 2921 2145 2985 Elephantis
2188 2922 2318 2986 agit,
2360 2926 2412 2971 2.
2456 2926 2573 2983 638,
2608 2922 2793 2971 ‘India

1730 3011 1946 3061 quorum
1968 2999 2205 3049 Millibus
2226 3014 2255 3047 e
2277 3000 2451 3049 multis
2468 3000 2601 3047 vallo
2622 2999 2788 3047 muni-

1730 3078 1815 3121 tur
1838 3073 2071 3123 eburno?
2140 3076 2209 3123 Et
2242 3075 2319 3124 ita
2340 3082 2593 3125 sertorum
2616 3074 2790 3136 pineo-

1725 3160 1841 3197 rum
1882 3150 2169 3213 amplitudo
2210 3152 2417 3215 Sylvam
2458 3152 2607 3216 quasi
2648 3150 2789 3199 circa

1728 3230 1961 3288 tempora
1984 3226 2154 3275 Panos
2176 3226 2325 3289 facit,
2360 3228 2581 3291 ejusque
2602 3240 2693 3276 ora
2712 3226 2792 3273 in·

1726 3301 1952 3363 umbrat,
1990 3309 2144 3364 prout
2182 3304 2247 3353 de
2285 3302 2491 3351 coronis
2511 3303 2625 3352 istis
2646 3300 2787 3351 fron-

1724 3375 2017 3426 dosioribus
2052 3378 2181 3428 dicit
2219 3380 2427 3427 Luci-et.
2459 3382 2509 3428 3.
2538 3383 2655 3427 926.
2692 3379 2707 3405 ‘
2730 3384 2789 3427 ct

1726 3451 2024 3502 inumbrant
2042 3468 2135 3503 ora
2156 3453 2391 3503 coronis?
2446 3454 2631 3502 Potuit
2651 3452 2784 3501 enim

1724 3530 1980 3579 conamina
2041 3530 2360 3594 degenerare
2422 3530 2475 3577 in
2537 3530 2787 3589 velamina,

1723 3607 1919 3671 scripto
1956 3608 2009 3655 in
2052 3607 2219 3656 Codd.
2262 3608 2496 3665 ullamne,
2542 3613 2599 3655 et
2640 3612 2789 3653 recta

1722 3681 1885 3731 ducta
1905 3683 2045 3731 linea
2066 3696 2221 3745 supra
2242 3683 2443 3731 literam
2462 3682 2699 3745 primam.
2715 3696 2787 3729 ex

1723 3771 1827 3820 qua
1850 3756 2115 3806 scribendi
2136 3758 2336 3807 ratione
2378 3759 2545 3807 altera
2574 3758 2786 3807 fluxerit

1724 3834 1779 3882 in
1804 3834 2145 3884 describendo
2166 3835 2341 3884 lectio.
2376 3835 2511 3884 Hav-

1786 3915 1885 3960 592
1924 3913 2143 3960 calamos
2178 3911 2415 3973 percurrit
2458 3910 2685 3973 hianteis]
2732 3916 2783 3959 5.

1725 3988 1869 4033 1406.
1902 3987 2007 4035 ‘Et
2028 4001 2219 4049 supera
2235 3986 2457 4035 calamos
2492 4001 2631 4035 unco
2666 4000 2785 4048 per-

1724 4074 1935 4110 currere
1973 4062 2158 4111 labro!
2224 4065 2307 4113 Ex
2339 4070 2542 4127 septem
2574 4064 2786 4112 calamis

1722 4136 2009 4199 imparibus
2044 4140 2223 4189 ordine
2249 4141 2447 4203 junctis
2473 4145 2677 4190 constat
2698 4138 2784 4185 fis-

1726 4213 1851 4261 tula.
1884 4214 2030 4277 Virg.
2050 4216 2163 4265 Ecl.
2188 4222 2236 4265 2.
2261 4221 2343 4265 36.
2376 4218 2393 4245 ‘
2412 4218 2511 4265 Est
2534 4214 2655 4265 mihi
2680 4214 2783 4261 dis·

1722 4288 1933 4351 paribus
1954 4297 2155 4353 septem
2178 4299 2451 4356 compacta
2464 4292 2651 4341 cicutis
2678 4291 2785 4339 Fis-
