3200 4959
629 443 805 508 1558

634 609 822 666 patera
874 606 1222 662 convertatur,
1274 598 1411 666 quod
1449 599 1502 651 in
1534 597 1691 649 iufer-

629 677 711 728 uis
750 677 910 725 sacris
951 674 1029 726 fit.
1078 673 1304 726 Servius.
1400 673 1532 725 Ideo
1568 674 1693 725 huic

632 750 750 804 loco
770 765 870 801 vox
889 751 995 800 ista
1013 750 1142 800 mire
1165 751 1427 801 convenit.
1466 750 1660 802 creech.

627 835 632 840 ’
695 825 973 890 Sallen-tius]
1028 826 1373 891 Ingeniosins.
1457 827 1540 877 Ex
1592 839 1694 894 qno

633 901 851 952 venefici
875 901 1131 966 appellati
1159 909 1297 953 sunt.
1331 902 1499 952 Lumb-

700 982 829 1028 1009
861 978 980 1028 Inde
999 993 1132 1028 cusas
1151 972 1418 1043 postquam,
1438 977 1542 1042 ξω]
1556 977 1696 1030 Hac·

635 1049 785 1105 tenus
801 1055 1030 1104 homines
1051 1052 1258 1118 efferos,
1297 1071 1392 1120 per
1412 1057 1584 1121 sylvas
1606 1070 1694 1104 va-

635 1136 838 1194 gantes,
875 1137 932 1180 et
971 1137 1124 1195 rapto
1161 1131 1399 1181 viventes
1438 1131 1691 1182 vidimus:

635 1205 721 1254 alii
759 1205 870 1270 jam
909 1206 960 1254 iu
995 1219 1200 1255 scenam
1245 1205 1521 1270 prodeunt,
1552 1220 1693 1255 man·

631 1281 788 1342 sueti,
824 1280 995 1342 mites,
1029 1287 1084 1330 et
1105 1280 1271 1331 civilis
1292 1281 1416 1331 vitae
1441 1281 1692 1332 studiosi=

631 1370 735 1406 non
759 1357 896 1406 enim
918 1355 1164 1407 manebat
1187 1357 1306 1420 ista,
1325 1373 1440 1422 quae
1471 1358 1524 1407 in
1557 1371 1692 1408 novo

632 1432 824 1482 mundo
845 1431 965 1494 fuit,
985 1433 1118 1482 alitis
1149 1435 1447 1498 temperies,
1469 1433 1562 1484 sed
1586 1449 1691 1483 mo-

631 1507 702 1557 do
724 1507 908 1558 durum
931 1508 1113 1572 frigus,
1149 1508 1304 1558 modo
1324 1509 1510 1558 nimius
1529 1511 1690 1572 calor,

631 1586 902 1648 procellae,
923 1592 978 1635 et
1004 1592 1342 1650 tempestates
1359 1585 1687 1651 affligebant.
1673 1603 1688 1617 ·

630 1659 754 1708 inde
777 1661 1022 1724 paulatim
1058 1660 1240 1711 fractae
1274 1663 1488 1713 istorum
1521 1664 1685 1724 vires3

631 1735 754 1784 iude
778 1736 959 1786 domos
993 1742 1313 1796 struxerunt,
1351 1739 1541 1803 quibus
1575 1753 1690 1788 sese

631 1809 959 1861 continentes
988 1811 1194 1875 privata
1230 1814 1437 1864 Venere
1473 1814 1691 1865 uteban-

633 1891 738 1949 tur,
788 1893 845 1936 et
887 1892 1124 1938 natorum
1176 1888 1441 1939 blanditiis
1493 1889 1691 1940 assueti

633 1963 1076 2012 mansuetudinem
1115 1963 1416 2015 induebant.
1481 1963 1692 2014 Deinde

631 2038 854 2103 pellibus
907 2047 1091 2089 contra
1141 2039 1259 2092 coeli
1307 2039 1691 2090 inclementiam

630 2116 731 2178 nsi,
753 2121 810 2166 et
829 2124 950 2180 post
969 2123 1235 2181 repertum
1258 2118 1426 2182 iguem
1452 2117 1526 2166 ita
1543 2123 1694 2170 erant

632 2183 867 2255 emolliti,
887 2199 946 2242 nt
965 2189 1165 2242 foedera
1179 2199 1234 2242 et
1243 2193 1521 2243 amicitiam
1540 2192 1691 2256 inire,

635 2283 666 2317 a
694 2268 741 2316 vi
765 2275 820 2316 et
843 2269 1043 2332 injuriis
1065 2269 1324 2320 abstinere
1343 2270 1691 2319 necessarium

630 2341 788 2404 foret,
835 2343 878 2391 si
910 2343 1010 2406 ipsi
1043 2343 1174 2394 salvi
1215 2359 1328 2394 esse
1360 2346 1582 2395 vellent:
1620 2337 1693 2394 ita

630 2418 843 2468 taudem
883 2419 1160 2467 concordia
1212 2415 1574 2470 conservatum
1610 2427 1694 2471 est

629 2491 906 2544 humanum
929 2510 1108 2569 genus.
1133 2511 1233 2548 vss.
1254 2501 1332 2548 18.
1369 2499 1560 2550 Greech.

697 2571 776 2623 Ac'
789 2573 977 2637 pelicis]
1018 2574 1252 2624 Primum
1289 2575 1426 2624 enim
1471 2575 1691 2640 pellibus

631 2657 854 2712 corpora
903 2654 1152 2699 texerunt
1193 2640 1454 2702 'hominesz
1503 2651 1691 2701 deinde

631 2724 1008 2788 elegantiorem
1031 2731 1191 2790 atque
1209 2727 1553 2790 operosiorem
1580 2743 1689 2779 ves·

630 2796 784 2850 titum
814 2791 1150 2872 repererunt.
1215 2803 1406 2866 Itaque
1427 2803 1689 2853 Hercules

628 2877 769 2940 'pelle
791 2878 1010 2926 amictus
1029 2876 1243 2940 fingitur
1263 2892 1324 2927 ac
1357 2878 1609 2943 pingitur,
1630 2886 1689 2929 ut

627 2953 857 3002 homines
889 2953 1158 3017 antiquum
1181 2955 1434 3005 vestiendi
1457 2956 1688 3020 corporis

625 3042 826 3078 morem
880 3029 1128 3078 memoria
1184 3036 1443 3093 repetant.
1531 3029 1685 3082 Quod

627 3103 900 3155 confirmat
938 3104 1160 3154 Diodori
1197 3105 1358 3154 Siculi
1401 3107 1687 3158 auctoritas

621 3180 718 3231 lib.
743 3184 788 3230 1.
806 3181 882 3230 his
907 3179 1104 3230 verbis·
1129 3178 1324 3241 Ὁμοίως
1339 3178 1390 3230 δὲ
1402 3179 1462 3229 τό
1475 3198 1532 3230 τε
1545 3181 1688 3244 ῥύπα·

626 3265 716 3306 λον
740 3255 818 3307 καὶ
843 3256 934 3316 τὴν
961 3256 1163 3316 λεοννὴν
1195 3259 1266 3318 τᾷ
1294 3259 1480 3320 παλαιῷ
1498 3257 1687 3330 πρέπειν

621 3333 862 3406 Ἡρακλεῖ,
885 3333 958 3382 διὰ
989 3331 1050 3382 τὸ
1067 3333 1173 3382 κατ’
1207 3333 1406 3385 ἐκείνους
1438 3333 1551 3385 τοὺς
1569 3331 1683 3400 χρό-

623 3424 748 3471 νους,
782 3407 920 3469 μήπω
948 3412 1046 3458 τῶν
1077 3408 1235 3458 ὅπλων
1269 3410 1542 3475 εὑρημένων,
1571 3411 1685 3462 τους

623 3482 886 3548 ἀνθρώπους
910 3485 1011 3534 τοῖς
1030 3483 1118 3545 μὲν
1131 3483 1285 3546 ξύλοις
1303 3486 1550 3546 ἀμύνεσθαι
1571 3487 1683 3539 τοὺς

622 3557 1052 3621 durau-mouimus,
1066 3562 1170 3609 ταῖς
1185 3558 1236 3609 δὲ
1248 3562 1402 3624 δοραῖς
1412 3565 1507 3610 τῶν
1520 3562 1683 3626 θηρίων

623 3634 981 3698 σκεπαστηρίοις
997 3637 1214 3698 χρῆσθαι.
1253 3637 1290 3686 i.
1312 3651 1360 3687 e.
1395 3640 1412 3667 ⁸
1431 3637 1682 3689 Similiter

621 3719 797 3761 autem
838 3702 1034 3759 clavam
1090 3716 1145 3758 et
1186 3711 1375 3774 pellem
1420 3713 1678 3764 leoninam

617 3786 833 3851 antiquo
855 3785 1076 3836 Herculi
1113 3787 1409 3850 convenire,
1444 3797 1680 3853 propter-

617 3876 684 3914 ea
723 3861 865 3926 quod
907 3853 1232 3924 temporibus
1288 3862 1388 3913 illis
1436 3865 1682 3932 homines,

615 3935 842 3989 nondum
876 3951 1132 3987 armorum
1176 3953 1270 3988 usu
1308 3949 1537 4005 reperto,
1573 3945 1676 3994 vim

617 4011 1025 4064 adversariorum
1061 4028 1266 4063 suorum
1288 4015 1436 4080 lignis
1471 4023 1678 4083 propul-

619 4087 825 4152 cabant,
845 4089 1068 4153 pellibus
1087 4097 1264 4140 autem
1287 4106 1510 4186 corpora
1529 4101 1672 4160 tege·

613 4162 780 4214 bant?
811 4163 978 4215 Lamo.

684 4231 812 4288 1014
850 4239 1076 4302 Cur-avit]
1093 4234 1298 4292 Effecit.
1324 4242 1550 4296 Tralstio
1575 4253 1674 4298 est.

608 4315 691 4367 sic
713 4318 762 4366 8.
785 4318 896 4366 127.
932 4317 948 4345 ⁸
965 4309 1222 4383 calidique
1241 4321 1444 4384 vaporis
1465 4321 1671 4371 Semina

1331 455 1548 504 NoTAE
1597 455 2001 504 VAmoRUM
2052 455 2131 503 ΙΝ

1764 611 1962 661 curare,
1984 599 2034 647 in
2070 597 2313 647 membris
2350 602 2409 646 ut
2429 596 2537 646 vita
2556 595 2828 648 moretur-l

1763 684 1820 724 et
1839 678 1891 723 4.
1914 678 2028 724 820.
2074 675 2089 702 ‘
2110 673 2265 725 Quod
2290 687 2359 722 ne
2383 673 2647 736 miremur,
2670 685 2829 736 sopor

1766 757 1923 814 atque
1944 749 2137 798 oblivia
2160 748 2379 798 curant?
2404 754 2461 798 et
2481 748 2574 799 inf.
2591 747 2711 799 eod.
2737 747 2829 798 lib.

1766 827 1915 876 1102.
1957 824 2439 889 ‘Suscipiendaque
2483 821 2681 875 curarit
2728 824 2831 873 sot-

1764 901 1956 951 lemnia
1972 915 2132 951 sacra.
2136 901 2355 950 ’.Lamb

1828 979 1967 1028 Aleia
1985 977 2202 1042 corpora]
2234 974 2647 1027 Haecherissima
2664 965 2829 1040 scrip-

1764 1045 1901 1118 tura,
1940 1069 2004 1104 ex
2038 1061 2144 1105 vet.
2181 1053 2373 1104 libris.
2409 1053 2475 1103 In
2520 1053 2827 1118 quibusdam

1768 1131 1905 1193 vulg.
1937 1129 2115 1191 algida.
2146 1127 2323 1178 Git‘an.
2386 1128 2471 1178 Sic
2508 1127 2617 1191 legi
2650 1127 2831 1190 debet,

1768 1206 1921 1255 etita
1952 1205 2145 1255 habent
2182 1203 2301 1254 libri
2335 1219 2588 1254 manuscr.
2624 1204 2827 1266 vulgati

1766 1297 1889 1332 vero
1908 1282 2073 1344 algida
2094 1281 2353 1330 mendose.
2372 1275 2493 1329 suut
2514 1286 2690 1328 :uitem
2720 1279 2739 1304 ‘
2754 1279 2828 1326 al-

1768 1356 1866 1420 aii,'
1888 1364 1944 1407 et
1980 1354 2222 1417 ‘alsiosi‚'
2259 1355 2349 1420 qni
2376 1350 2538 1418 frigus
2560 1352 2700 1403 ferre
2723 1366 2828 1402 uun

1767 1440 2002 1498 possunt.
2071 1432 2239 1480 Varro
2284 1431 2351 1480 de
2386 1431 2450 1480 R.
2486 1430 2549 1481 R.
2588 1433 2639 1479 2.
2674 1433 2724 1480 3.
2758 1426 2827 1478 de

1764 1510 1977 1573 capris:
2033 1508 2375 1558 ‘stabulatur
2416 1501 2587 1571 pecus'
2610 1507 2831 1569 melius,

1766 1587 1831 1634 ad
1854 1585 2094 1635 hibernos
2128 1591 2341 1633 exortus
2365 1584 2406 1631 si
2430 1588 2657 1646 spectat,
2688 1581 2827 1646 quod

1764 1669 1847 1711 est
1870 1661 2143 1710 alsiosnm!
2194 1655 2357 1709 Hanc
2364 1672 2566 1724 quoque
2580 1653 2827 1710 emenda·

1765 1737 1956 1787 tionem
1972 1736 2214 1824 probavit
2231 1743 2287 1784 et
2299 1742 2509 1784 secutus
2526 1741 2611 1784 est
2628 1732 2845 1795 Zoilus,'

1766 1819 2027 1877 tamquam
2044 1812 2157 1876 ejus
2176 1817 2372 1861 auctor.
2402 1809 2571 1860 Lumo.

1832 1892 1957 1938 1015
1997 1888 2121 1937 Οωὶὶ
2157 1887 2244 1936 sub
2276 1887 2508 1950 tegmine]
2547 1885 2656 1937 Sub
2688 1885 2828 1938 divo.

1832 2045 1961 2091 1018
1995 2041 2243 2092 Habentes
2260 2039 2519 2108 Finitisque]
2558 2040 2601 2090 1.
2622 2054 2672 2089 e.
2713 2039 2827 2090 fini·

1766 2116 1898 2179 timi,
1941 2132 2031 2166 seu
2068 2117 2317 2167 finitimos
2356 2131 2507 2180 agros
2553 2116 2829 2183 babentes&

1765 2189 1934 2256 ὅμοροι.
1998 2193 2119 2242 Non
2160 2200 2243 2243 est
2276 2199 2451 2242 autem
2486 2188 2621 2256 quod
2648 2205 2828 2256 quem·

1766 2283 1918 2332 quam
1961 2275 2167 2318 moveat
2210 2267 2427 2317 duorum
2470 2279 2723 2317 manuscr.
2764 2264 2830 2316 li·

1766 2343 1973 2392 brorum
2029 2338 2289 2409 'scriptnra
2341 2348 2547 2394 aventes.
2592 2333 2827 2393 erratum

1765 2421 1902 2470 enim
1924 2427 2005 2470 est
2038 2420 2383 2500 librariorum,
2415 2420 2502 2485 qui
2536 2435 2678 2484 saepe
2700 2411 2829 2471 scri·-⁴

1765 2494 1961 2546 bebaut
1985 2511 2017 2544 ιι
2046 2508 2141 2560 pro
2174 2491 2235 2556 b,
2259 2501 2445 2546 contra
2482 2495 2511 2543 b
2540 2509 2637 2559 pro
2671 2511 2741 2544 u.-
2766 2501 2830 2544 et

1764 2569 1889 2624 item
1912 2589 2051 2650 saepe
2074 2575 2400 2639 aspirationis
2419 2580 2595 2625 notam
2616 2574 2827 2624 omitte-

1765 2652 1910 2702 bant.
1946 2653 2112 2703 lamb.
2180 2653 2241 2701 In
2266 2652 2825 2716 quibusdam,avenm

1764 2729 1918 2780 Quod
1954 2736 2010 2778 et
2038 2729 2291 2778 Marullus
2325 2728 2555 2792 volebat,
2592 2737 2647 2778 et
2683 2729 2823 2796 iege-

1763 2804 1870 2867 bat,
1898 2804 2136 2866 Finitimi,
2159 2810 2214 2853 et
2234 2797 2379 2854 Pius.
2418 2805 2591 2864 Gif‘m·

1826 2884 1952 2930 1021
2002 2880 2179 2943 Balbe]
2236 2880 2637 2930 Balbutientes.'
2665 2872 2823 2931 ‘1321ss

1758 2955 1933 3019 butit:
1948 2957 2117 3022 inquit
2132 2963 2315 3006 auctor
2336 2957 2653 3007 vocabularii
2679 2953 2823 3006 Latii

1759 3034 2067 3092 no·Graeci‚‘
2078 3031 2225 3096 νηπίῳ
2236 3025 2541 3098 πρὸσπαίζων
2549 3029 2825 3098 τραυλίζει.’

1757 3109 1924 3160 Lame».
1982 3109 2192 3174 Quippe
2214 3111 2302 3176 qui
2324 3110 2547 3159 nondum
2574 3109 2823 3174 expedite

1759 3187 1897 3251 loqui
1920 3186 2237 3250 didicissent,
2250 3201 2485 3236 sermone
2502 3186 2713 3235 minime
2730 3185 2820 3236 at}⁴

1756 3261 1855 3312 buc
1874 3263 2173 3312 constituto.
2210 3261 2384 3312 Faber.
2802 3253 2813 3290 Ῑ

1823 3343 1951 3388 1022
1966 3338 2245 3388 Miser-erier-
2260 3337 2431 3400 omnis]
2448 3337 2511 3388 In
2525 3337 2815 3388 veteribusz

1756 3413 1899 3462 omni.
1924 3413 2213 3463 Marullus:
2244 3412 2432 3472 ὀηιπίςς
2466 3413 2607 3478 quod
2633 3413 2816 3477 proba.

1756 3490 1819 3538 In
1837 3490 2096 3554 Vulgum,
2111 3490 2313 3540 omnium
2328 3506 2351 3548 ,·
2370 3491 2529 3540 etiam
2546 3481 2647 3540 non
2665 3479 2846 3540 mule.¹

1759 3555 1930 3624 Gifan.
1951 3566 2003 3614 in
2041 3566 2156 3615 edit.
2174 3580 2251 3628 pr.
2290 3565 2571 3614 Miser-erier-
2588 3567 2816 3617 omnim.

1752 3641 1842 3690 Sic
1886 3635 2079 3691 habent
2132 3655 2309 3690 omnes
2362 3641 2475 3691 fere
2512 3643 2633 3693 libri
2666 3644 2819 3708 ·.vulg

1754 3731 2007 3767 manuscr.
2030 3713 2203 3766 autem
2234 3713 2385 3768 omni.
2428 3731 2493 3766 ex
2533 3732 2635 3781 quo
2658 3713 2821 3784 suspi-

1753 3799 1938 3841 cantur
1958 3791 2186 3841 nonnulli
2209 3783 2489 3856 legeudum
2522 3793 2692 3859 omnis,
2722 3807 2815 3844 aen

1750 3867 1944 3916 omneiS.
2031 3867 2257 3917 Omnino
2296 3867 2559 3930 scriptura
2603 3861 2816 3932 vulgat-a

1750 3942 2035 3991 tolerabilia
2052 3949 2107 3991 et
2126 3943 2409 4005 probabilis
2432 3941 2533 3994 est.
2600 3945 2733 3994 Nam
2759 3945 2813 3994 in

1748 4032 1878 4067 voce
1896 4019 2121 4080 omnium,
2146 4017 2207 4067 fit
2228 4013 2487 4081 σ’-υνίζησις,
2508 4013 2601 4068 seu
2624 4011 2831 4083 cuffi'

1747 4111 1896 4157 νησις,
1920 4101 1978 4142 ut
2002 4093 2140 4157 apud
2163 4095 2309 4158 Virg.
2334 4095 2447 4145 AEu.
2475 4100 2521 4145 1.
2544 4100 2662 4145 781.
2686 4099 2703 4125 ‘
2723 4097 2813 4146 de-

1746 4170 1978 4235 pendent
2018 4171 2190 4232 lychni
2236 4171 2564 4234 laquearibus
2604 4171 2816 4223 aureis!

1747 4253 1800 4296 et
1824 4246 1961 4311 apud
1986 4247 2178 4296 Catuli.
2204 4246 2377 4295 Cartn.
2397 4246 2463 4295 de
2486 4248 2687 4309 nuptiis
2710 4247 2833 4312 Pe<

1744 4320 1814 4373 lei
1858 4329 1911 4372 et
1944 4323 2091 4372 Thet.
2134 4322 2350 4374 ‘Qualis
2396 4319 2545 4371 adest
2582 4321 2814 4384 Thetidi,
