3200 4959
617 445 686 494 τ.
739 444 1096 494 Lucam-11
1143 446 1324 496 cAnl
1376 447 1472 496 nn
1521 449 1789 500 aunum
1836 451 2014 500 ΝΑΤ.
2062 455 2207 506 ma.
2258 458 2325 504 v.
2416 441 2592 508 1589

394 592 672 650 postquam
691 586 850 636 vestis
871 584 1176 652 excogitata
1201 595 1280 639 est
1303 589 1456 641 texti·

391 663 478 722 lis,
501 676 598 710 usn
621 670 680 710 et
699 662 1066 712 commoditate
1106 665 1454 716 succinctior?

393 745 488 786 aut
511 737 650 801 quod
675 738 890 786 structis
909 737 1170 801 domibus,
1193 746 1248 788 et
1271 740 1456 790 lantin-

391 812 536 862 ribus
575 812 898 862 successibus
937 813 1209 877 institutis,
1241 829 1344 864 non
1367 829 1455 864 an·

392 889 566 953 tiqnas
606 889 962 940 adamaverint
991 892 1213 953 casulas,
1241 905 1338 942 nec
1359 892 1456 942 sub

391 963 612 1027 rupibus
653 970 711 1014 et
747 965 984 1014 cavernis
1025 967 1456 1030 praeoptaverint,

392 1047 452 1087 nt
479 1039 687 1102 bellnae,
702 1042 1044 1104 permanere?
1079 1043 1360 1092 Commune
1375 1049 1458 1092 est

389 1114 652 1177 omuibus,
671 1124 726 1165 et
749 1117 815 1165 ab
835 1117 964 1180 ipsis
990 1132 1140 1181 paene
1174 1119 1454 1169 incunabu-

387 1189 456 1237 lis
503 1190 773 1251 traditum,
811 1191 946 1240 bona
989 1193 1132 1241 malis
1177 1193 1458 1256 anteferre,

386 1264 664 1314 inutilibus
683 1267 836 1316 utilia
859 1281 1190 1331 preponere,
1223 1276 1280 1319 et
1315 1271 1454 1334 qnod

389 1353 509 1389 esse
525 1342 862 1392 constituerit
883 1345 1178 1407 pretiosius,
1199 1345 1370 1396 letius
1401 1347 1454 1396 id

389 1419 703 1481 consectari,
743 1427 800 1469 et
833 1427 1053 1483 petere:
1089 1423 1144 1471 in
1171 1435 1341 1486 eoque
1363 1422 1456 1472 de-

385 1491 550 1555 figere
566 1507 709 1556 spem
727 1495 910 1545 salutis
927 1501 980 1545 et
997 1497 1296 1547 salutat-in-
1313 1513 1452 1548 com·

386 1569 691 1620 sinodorum?
721 1571 888 1620 Lumb-

454 1650 584 1695 1418
620 1647 774 1703 Quam
795 1663 900 1697 reor
915 1649 1122 1712 invidia]
1151 1648 1198 1698 1.
1219 1661 1268 1698 e.
1298 1663 1448 1714 qnam

387 1727 520 1784 puto
543 1722 618 1771 ita
637 1720 796 1772 fnisse
819 1724 1076 1774 inventori
1099 1725 1200 1787 ipsi
1231 1725 1448 1774 invidio-

389 1811 519 1858 sam,
539 1805 598 1846 nt
623 1797 666 1846 is
689 1800 778 1863 qni
797 1800 991 1862 primus
1015 1815 1130 1849 eam
1150 1800 1333 1863 gessit,
1352 1813 1450 1864 per

381 1873 606 1923 insidias
648 1875 714 1924 ab
754 1877 868 1925 aliis
913 1875 1226 1926 interfectus
1273 1873 1450 1926 fuerit.

387 1951 558 2000 Lamo.
639 1953 819 2002 Prima
849 1954 1010 2004 vestis
1045 1955 1122 2004 ita
1149 1955 1344 2004 ceteris
1383 1955 1448 2003 iis

391 2028 672 2090 terrigenis
711 2030 925 2093 placuit,
967 2037 1026 2080 ut
1065 2031 1323 2080 inventori
1357 2043 1450 2080 suo

387 2104 572 2150 mortis
595 2119 748 2152 cansa
769 2103 948 2155 fuerit.
984 2105 1158 2156 Faber.

459 2182 589 2227 1420
626 2181 691 2228 Et
709 2184 892 2230 tandem
914 2183 1042 2232 inter
1059 2197 1136 2232 eos
1151 2183 1453 2245 distractum,

384 2254 617 2314 sanguine
657 2257 804 2306 multo
861 2255 1176 2321 Πίερον-εἰπε]
1229 2261 1450 2307 Secutus

386 2342 500 2376 sum
535 2329 654 2380 cod.
689 2345 941 2384 manuscr.
975 2346 1090 2382 narn
1123 2333 1320 2396 vulgati
1362 2333 1452 2381 ba-

385 2403 516 2453 bent
543 2406 856 2470 Dinia-iisse,
889 2407 1151 2456 mendose.
1178 2407 1334 2471 hujus
1353 2407 1450 2470 igi-

389 2487 478 2529 tur
511 2481 786 2545 scripturae
815 2483 926 2532 hoec
949 2483 1208 2533 sententia
1230 2489 1344 2532 est:
1381 2484 1450 2531 Et

386 2569 527 2616 reor,
560 2571 680 2606 eum
718 2559 806 2622 qui
839 2560 1032 2622 primus
1062 2558 1221 2621 gessit
1253 2564 1448 2607 vestem

384 2627 623 2694 ferinam,
657 2632 796 2681 inter
837 2647 924 2681 eos
957 2649 986 2681 a
1008 2633 1193 2696 quibus
1217 2647 1310 2696 per
1332 2633 1451 2681 insi·

385 2705 499 2755 diss
519 2705 834 2758 interfectus
855 2718 961 2771 est,
993 2710 1320 2766 distractum,
1341 2709 1448 2757 ‹lis-

384 2781 628 2844 porsinae,
645 2785 680 2833 i.
699 2799 746 2833 e.
769 2784 990 2834 diversis
1009 2785 1059 2833 in
1076 2783 1312 2847 partibus
1325 2795 1449 2832 con·

383 2859 667 2909 taminasse
689 2859 941 2923 sanguine
975 2861 1159 2922 multo,
1195 2859 1446 2909 subintel-

381 2936 492 2999 lige
521 2937 540 2965 ⁴
565 2931 801 2986 vestem!
830 2937 958 2985 li'cet
989 2936 1147 2986 etiam
1186 2936 1328 2999 legas
1348 2935 1448 2984 dis·

379 3015 607 3073 mans,
639 3016 702 3060 ut
721 3011 920 3060 habent
953 3012 1050 3060 lib.
1081 3011 1223 3074 vulg.
1244 3011 1449 3059 distrac-

381 3089 484 3134 tam
505 3091 682 3134 antem
711 3086 728 3114 ‘
745 3094 941 3134 vestem
959 3085 974 3108 ’
1011 3086 1230 3136 scilicet.
1295 3086 1450 3135 Hanc

385 3175 598 3224 quoqne
639 3161 1058 3210 emendationem
1112 3161 1450 3224 amplectitur

384 3235 564 3284 Zoilus
602 3250 744 3284 more
776 3251 886 3285 sno.
921 3236 1141 3286 Lambini.
1208 3235 1332 3298 Alii,
1351 3237 1450 3285 dis·

383 3317 608 3371 tractam,
638 3313 656 3340 ⁴
679 3319 877 3362 vestem
895 3311 912 3334 '
945 3313 1040 3362 viz.
1061 3320 1116 3361 et
1139 3313 1190 3362 in
1213 3312 1454 3375 sequenti

381 3398 543 3437 versu
557 3388 845 3450 Disperiisse
856 3403 876 3446 ‚-
897 3395 954 3436 et
973 3388 1086 3436 lia-,c
1101 3387 1279 3450 lectio,
1297 3400 1452 3452 qnam

382 3463 556 3512 codd.
577 3471 684 3512 vet.
701 3463 972 3525 exhibent,
989 3469 1046 3513 et
1069 3463 1316 3513 Heinsius
1337 3477 1454 3527 pro-

381 3535 500 3599 bat,
519 3538 719 3588 admitti
735 3540 990 3602 potuerit,
1007 3538 1048 3586 si
1065 3553 1220 3588 voces
1237 3552 1453 3603 sequen·

381 3622 489 3674 tes,
527 3613 544 3639 ‘
569 3613 755 3677 Neque
797 3613 848 3662 in
893 3611 1121 3664 fructum
1144 3622 1452 3664 convertere

383 3687 594 3752 quisse,'
617 3691 882 3740 commode
917 3695 1241 3752 paterentur.
1261 3690 1451 3740 Crescit.

451 3767 578 3812 1421
629 3764 949 3827 Dispersisse]
982 3765 1069 3814 Ita
1083 3772 1190 3814 vet.
1212 3765 1348 3814 libri.
1389 3765 1454 3813 In

385 3841 523 3904 aiiis,
555 3840 866 3903 Disperiisse,
889 3849 948 3891 nt
988 3842 1140 3890 modo
1174 3843 1454 3891 distractam

386 3915 438 3963 in
467 3913 794 3979 quibusdam.
831 3915 1002 3976 Gifan.

449 3993 584 4040 1422
611 3991 740 4039 stne
755 3991 913 4052 igitar
929 3991 1094 4053 pelles,
1117 3989 1222 4054 dc]
1247 3989 1342 4039 lua
1367 4005 1456 4038 an-

387 4073 498 4116 tem
539 4079 632 4129 pro
674 4065 812 4127 pelle
834 4079 1008 4128 pugna
1031 4073 1087 4114 et
1107 4066 1282 4114 cedes
1305 4081 1459 4114 exen-

386 4141 492 4189 sari
517 4141 698 4203 possit,
729 4155 846 4190 nam
881 4150 1005 4191 ante
1038 4148 1209 4190 vestes
1243 4142 1456 4191 textiles

383 4218 624 4267 inventas
677 4219 798 4266 solis
844 4219 1062 4282 pellibus
1107 4217 1459 4268 defendebant

385 4291 574 4357 frigus.
643 4293 718 4346 At
740 4295 853 4358 quis
874 4295 1104 4345 homines
1125 4303 1344 4346 excuset
1367 4297 1458 4362 qui

1529 591 1683 642 bellis
1720 600 1779 646 et
1818 594 2015 658 rapinis
2053 595 2277 646 miscent
2314 600 2501 662 omnia,
2532 607 2593 650 nt

1531 681 1655 716 auro
1678 669 1821 730 clari,
1842 675 1898 717 et
1919 669 2145 733 insignes
2170 685 2399 735 purpura
2422 673 2590 738 fulge·

1530 743 1681 792 rent?
1744 743 1853 794 Sed
1878 745 1931 794 id
1955 752 2115 808 agunt
2140 748 2381 810 quoniam
2406 749 2593 800 insana

1527 817 1755 870 habendi
1786 820 2030 884 cupidine
2064 828 2309 884 aguntur,
2344 830 2399 875 et
2442 825 2593 888 igno·

1527 902 1651 945 rant
1668 909 1844 944 veram
1864 897 2201 960 voluptatem,
2219 913 2370 963 qnam
2395 899 2593 964 Epicu.

1531 983 1619 1018 rus
1658 971 1855 1032 docuit,
1895 977 1949 1022 et
1986 987 2101 1037 qun
2124 987 2225 1023 non
2250 981 2355 1024 tam
2373 974 2591 1028 delicias

1531 1047 1756 1108 appetit,
1802 1063 1953 1111 quam
1992 1051 2301 1099 necessariis
2342 1057 2592 1102 contenta

1531 1127 1632 1170 est.
1656 1135 1757 1171 vss.
1776 1126 1857 1172 13.
1894 1125 2089 1172 Greech.

1595 1200 1723 1246 1423
1756 1199 2021 1262 Exercent]
2049 1199 2284 1262 vexant,
2306 1203 2591 1267 tranquille

1529 1271 1705 1320 vivere
1724 1286 1825 1322 nou
1850 1273 2040 1323 sinunt.
2074 1275 2239 1326 Lumb.

1594 1351 1723 1398 1424
1762 1350 1912 1412 Culpa
1928 1350 2121 1412 residit]
2152 1351 2238 1400 Sic
2262 1351 2539 1415 legendnm
2558 1369 2591 1404 a

1527 1422 1689 1472 verbo
1713 1423 1900 1484 reside,
1936 1424 2047 1474 dis:
2087 1439 2189 1488 qno
2210 1425 2373 1474 utitur
2394 1431 2445 1476 2.
2474 1431 2590 1478 28⁸.

1529 1503 1544 1525 ‘
1567 1499 1641 1547 Et
1690 1499 1925 1563 projecta
1980 1498 2291 1561 refrenatur,
2340 1507 2585 1566 retroque

1525 1574 1712 1624 residit
1730 1575 1763 1624 :'
1794 1589 1897 1625 non
1912 1576 2107 1637 resedit,
2141 1589 2172 1626 a
2194 1576 2353 1626 verbo
2374 1576 2590 1628 resideo.

1591 1729 1720 1776 1425
1768 1727 1951 1789 Frigus
1978 1727 2126 1790 enim]
2162 1728 2463 1778 Necessitas
2488 1729 2593 1793 pri·

1523 1815 1610 1850 mo
1654 1802 1871 1852 vestium
1908 1817 2057 1852 usum
2104 1804 2339 1865 reperit:
2379 1802 2591 1867 frigoris

1524 1877 1663 1924 enim
1686 1876 1983 1940 depellendi
2018 1885 2076 1926 et
2112 1877 2315 1940 iujuriae
2354 1879 2471 1928 eseli
2512 1893 2594 1927 ar·

1525 1952 1707 2000 cende
1749 1965 1906 1999 causa
1944 1958 2115 2000 vestes
2158 1959 2387 2014 reperto
2432 1959 2593 2002 sunt:

1523 2026 1713 2077 deinde
1763 2026 1987 2077 accessit
2028 2028 2178 2076 luxus
2224 2034 2279 2076 et
2329 2030 2593 2091 voluptas,

1525 2117 1641 2152 cum
1666 2103 1855 2152 vesteis
1878 2117 2187 2166 purpureas,
2206 2110 2261 2152 et
2284 2117 2411 2152 auro
2436 2101 2592 2164 insig-

1525 2175 1661 2236 neis‚
1695 2184 1752 2226 et
1787 2191 1883 2226 acu
1904 2178 2071 2240 pictas
2095 2191 2277 2240 gerere
2302 2179 2593 2230 voluerunt.

1527 2252 1602 2301 sic
1646 2251 1759 2302 fere
1805 2253 1883 2302 Μ.
1918 2253 2051 2303 Tull.
2096 2252 2187 2302 lib.
2232 2257 2281 2303 8.
2328 2253 2395 2302 de
2436 2252 2588 2304 Orat.

1529 2327 1697 2376 ‘Num
1732 2337 1791 2376 ut
1832 2329 1989 2378 vestis
2044 2326 2250 2394 frigoris
2288 2328 2591 2390 depellendi

1527 2416 1687 2452 causa
1733 2409 1944 2467 reperta
1978 2404 2163 2467 primo,
2200 2409 2319 2468 po'st
2356 2405 2591 2458 adbiberi

1526 2485 1703 2541 coepta
1720 2486 1802 2526 est
1820 2477 1887 2529 ad
1906 2487 2145 2528 ornatum
2163 2480 2324 2530 etiam
2340 2479 2594 2542 corporis,

1525 2559 1582 2602 et
1620 2553 1962 2616 dignitatem
2017 2557 2093 2604 sic
2138 2555 2281 2605 verbi
2318 2555 2593 2606 translatio

1523 2627 1766 2676 instituta
1780 2635 1861 2676 est
1880 2629 2071 2692 inopias
2094 2643 2271 2691 causa,
2289 2627 2402 2693 freq
2410 2635 2592 2680 nenta-

1525 2709 1582 2753 ta
1604 2697 2009 2754 delectationis?
2038 2705 2207 2754 Luatb.

1589 2784 1719 2830 1426
1738 2779 2043 2842 Terrigenas]
2076 2780 2348 2841 Homines,
2370 2792 2434 2828 ex
2454 2785 2597 2838 terra

1521 2863 1695 2918 natos,
1732 2861 1791 2905 nt
1829 2869 1944 2919 sup.
1987 2870 2061 2905 vs.
2097 2859 2243 2904 1410.
2274 2855 2290 2882 ‘
2312 2855 2481 2906 Quam
2504 2856 2591 2904 sil-

1524 2940 1699 2983 vestre
1724 2947 1885 2997 genus
1907 2933 2148 2997 capiebat
2172 2930 2599 2994 terrigenarum?

1525 3011 1697 3060 Varro
1738 3009 2064 3060 Eumenidib.
2096 3013 2111 3038 ⁸
2130 3009 2471 3072 Empedocles
2502 3023 2595 3057 na·

1526 3092 1609 3136 tos
1629 3087 1863 3136 homines
1884 3101 1951 3134 ex
1975 3091 2121 3134 terra
2139 3085 2235 3145 ait,
2268 3091 2327 3133 nt
2352 3084 2535 3134 blitum
2556 3083 2591 3132 ι’

1526 3176 1593 3210 ex
1614 3161 1809 3219 Nonio,
1830 3161 1881 3208 in
1908 3174 2035 3208 voce
2069 3162 2086 3189 ‘
2103 3159 2325 3208 blitnm.'
2358 3159 2529 3208 anb.

1593 3239 1721 3285 1427
1752 3235 1912 3286 Vestis
1930 3238 2045 3297 apto
2063 3231 2242 3295 cignis]
2274 3233 2395 3283 Jam
2419 3239 2592 3283 antea.

1530 3311 1705 3362 Faber.

1593 3391 1727 3437 1429
1756 3388 1821 3436 In
1856 3401 2057 3449 cussum,
2082 3385 2363 3449 frustraque
2388 3385 2594 3449 laborat]

1529 3463 1671 3514 Onia
1710 3477 1814 3512 non
1850 3469 1935 3512 est
1970 3469 2247 3513 contentus
2301 3476 2464 3525 parvo
2506 3471 2597 3512 aut

1528 3538 1763 3600 modico;
1788 3545 1845 3588 et
1859 3538 1982 3602 quia
1996 3538 2315 3602 cupiditates
2336 3537 2499 3588 babet
2520 3539 2596 3586 in·

1526 3613 1722 3677 finitas,
1742 3615 2051 3679 minimeque
2074 3615 2411 3677 necessarius,
2432 3621 2487 3663 et
2510 3615 2597 3678 (nt

1527 3691 1706 3742 statim
1740 3691 2031 3754 subjungit)
2067 3691 2189 3754 qnia
2214 3705 2313 3739 non
2338 3691 2600 3754 cognovit,

1529 3783 1646 3831 qnae
1683 3767 1751 3815 sit
1784 3766 2005 3816 habendi
2040 3765 2173 3826 finis,
2210 3769 2246 3816 i.
2270 3780 2319 3814 e.
2358 3767 2483 3831 qnid
2522 3766 2597 3816 sit

1529 3842 1725 3891 homini
1746 3843 1905 3892 satis:
1932 3842 2035 3903 vel,
2056 3842 2099 3890 si
2121 3843 2384 3904 cognovit,
2404 3857 2467 3890 eo
2491 3857 2595 3890 non

1530 3923 1614 3966 est
1629 3923 1921 3967 contentus,
1952 3918 2037 3965 Sic
2054 3917 2238 3965 Lucili.
2251 3917 2339 3966 lib.
2358 3923 2404 3965 5.
2424 3917 2440 3946 ⁴
2458 3917 2593 3966 Nam

1533 3994 1578 4041 si
1600 3993 1736 4056 quod
1764 3994 1890 4042 satis
1914 3999 1995 4042 est
2015 3992 2224 4052 homini,
2254 3991 2306 4039 id
2330 3991 2459 4040 satis
2481 4005 2595 4048 esse

1532 4075 1803 4132 potesset=
1839 4068 1957 4118 Hoc
1992 4075 2075 4116 sat
2112 4073 2258 4115 erata
2294 4079 2447 4127 nnnc,
2474 4079 2593 4115 cum

1531 4146 1631 4194 hoc
1654 4159 1752 4194 non
1776 4150 1874 4204 est,
1912 4145 2000 4208 qui
2038 4142 2299 4192 credimus
2322 4155 2474 4204 porro
2500 4143 2593 4192 Di·

1535 4220 1688 4269 vitias
1722 4218 1851 4267 ullas
1887 4221 2111 4274 aninum
2142 4219 2211 4266 mi
2248 4218 2465 4279 explere
2504 4231 2593 4280 po-

1533 4307 1675 4348 tesse
1688 4294 1727 4344 2’
1770 4295 1919 4346 Idem
1952 4294 2045 4346 lib.
2085 4297 2165 4344 18.
2198 4293 2473 4357 ‘Denique
2516 4291 2595 4341 nti
