<?xml version="1.0" encoding="UTF-8"?>
<!DOCTYPE html PUBLIC "-//W3C//DTD XHTML 1.0 Transitional//EN"
    "http://www.w3.org/TR/xhtml1/DTD/xhtml1-transitional.dtd">
<html xmlns="http://www.w3.org/1999/xhtml" xml:lang="en" lang="en">
 <head>
  <title>
</title>
<meta http-equiv="Content-Type" content="text/html;charset=utf-8" />
  <meta name='ocr-system' content='tesseract 3.04.00' />
  <meta name='ocr-capabilities' content='ocr_page ocr_carea ocr_par ocr_line ocrx_word'/>
</head>
<body>
  <div class='ocr_page' id='page_1' title='image "./dererumnaturali00unkngoog_0172.png"; bbox 0 0 3200 4959; ppageno 0'>
   <div class='ocr_carea' id='block_1_1' title="bbox 616 382 895 480">
    <p class='ocr_par' dir='ltr' id='par_1_1' title="bbox 616 382 895 480">
     <span class='ocr_line' id='line_1_1' title="bbox 616 382 895 480; baseline -0.029 0"><span class='ocrx_word' id='word_1_1' title='bbox 616 382 808 480; x_wconf 77' lang='lat'>1522&#39;</span> <span class='ocrx_word' id='word_1_2' title='bbox 886 465 895 472; x_wconf 87' lang='lat'>.</span> 
     </span>
    </p>
   </div>
   <div class='ocr_carea' id='block_1_2' title="bbox 611 563 1692 1836">
    <p class='ocr_par' dir='ltr' id='par_1_2' title="bbox 611 563 1692 1836">
     <span class='ocr_line' id='line_1_2' title="bbox 620 563 1676 630; baseline -0.009 -8"><span class='ocrx_word' id='word_1_3' title='bbox 620 573 835 624; x_wconf 81' lang='lat' dir='ltr'>tissime.</span> <span class='ocrx_word' id='word_1_4' title='bbox 890 569 1063 630; x_wconf 72' lang='lat' dir='ltr'>Gt&#39;faem.</span> <span class='ocrx_word' id='word_1_5' title='bbox 1143 570 1285 618; x_wconf 83' lang='lat' dir='ltr'>Vera</span> <span class='ocrx_word' id='word_1_6' title='bbox 1330 565 1467 615; x_wconf 81' lang='lat' dir='ltr'>haud</span> <span class='ocrx_word' id='word_1_7' title='bbox 1517 563 1676 614; x_wconf 85' lang='lat' dir='ltr'>dubie</span> 
     </span>
     <span class='ocr_line' id='line_1_3' title="bbox 621 641 1680 710; baseline -0.009 -12"><span class='ocrx_word' id='word_1_8' title='bbox 621 648 783 698; x_wconf 82' lang='lat' dir='ltr'>lectio</span> <span class='ocrx_word' id='word_1_9' title='bbox 818 653 1075 710; x_wconf 77' lang='lat' dir='ltr'>est,.quae</span> <span class='ocrx_word' id='word_1_10' title='bbox 1119 644 1204 694; x_wconf 84' lang='lat' dir='ltr'>bic</span> <span class='ocrx_word' id='word_1_11' title='bbox 1244 643 1423 692; x_wconf 77' lang='lat' dir='ltr'><strong>turbas</strong></span> <span class='ocrx_word' id='word_1_12' title='bbox 1466 641 1680 690; x_wconf 77' lang='lat' dir='ltr'>excitat.</span> 
     </span>
     <span class='ocr_line' id='line_1_4' title="bbox 621 714 1679 780; baseline -0.008 -8"><span class='ocrx_word' id='word_1_13' title='bbox 621 725 753 772; x_wconf 82' lang='lat' dir='ltr'>Eam</span> <span class='ocrx_word' id='word_1_14' title='bbox 802 721 1079 770; x_wconf 78' lang='lat' dir='ltr'><strong>Lambinus</strong></span> <span class='ocrx_word' id='word_1_15' title='bbox 1127 725 1185 770; x_wconf 86' lang='lat' dir='ltr'>et</span> <span class='ocrx_word' id='word_1_16' title='bbox 1223 717 1463 769; x_wconf 79' lang='lat' dir='ltr'>Gifanius</span> <span class='ocrx_word' id='word_1_17' title='bbox 1508 714 1679 780; x_wconf 80' lang='lat' dir='ltr'>profe-</span> 
     </span>
     <span class='ocr_line' id='line_1_5' title="bbox 624 792 1681 859; baseline -0.008 -12"><span class='ocrx_word' id='word_1_18' title='bbox 624 803 764 859; x_wconf 86' lang='lat' dir='ltr'>runt,</span> <span class='ocrx_word' id='word_1_19' title='bbox 792 803 847 846; x_wconf 89' lang='lat' dir='ltr'>et</span> <span class='ocrx_word' id='word_1_20' title='bbox 868 796 977 845; x_wconf 76' lang='lat' dir='ltr'>lia-c</span> <span class='ocrx_word' id='word_1_21' title='bbox 1000 803 1114 844; x_wconf 88' lang='lat' dir='ltr'>est:</span> <span class='ocrx_word' id='word_1_22' title='bbox 1153 795 1345 850; x_wconf 68' lang='lat' dir='ltr'>Qum</span> <span class='ocrx_word' id='word_1_23' title='bbox 1372 807 1547 856; x_wconf 77' lang='lat' dir='ltr'>quoque</span> <span class='ocrx_word' id='word_1_24' title='bbox 1582 792 1681 840; x_wconf 78' lang='lat' dir='ltr'>haec</span> 
     </span>
     <span class='ocr_line' id='line_1_6' title="bbox 611 868 1681 934; baseline -0.008 -12"><span class='ocrx_word' id='word_1_25' title='bbox 611 874 749 934; x_wconf 67' lang='lat' dir='ltr'>suat,</span> <span class='ocrx_word' id='word_1_26' title='bbox 788 874 871 934; x_wconf 59' lang='lat' dir='ltr'>&amp;m</span> <span class='ocrx_word' id='word_1_27' title='bbox 902 907 907 914; x_wconf 78' lang='grc'><strong>.</strong></span> <span class='ocrx_word' id='word_1_28' title='bbox 936 873 1158 922; x_wconf 78' lang='lat' dir='ltr'><strong>Veteres</strong></span> <span class='ocrx_word' id='word_1_29' title='bbox 1196 869 1329 918; x_wconf 88' lang='lat' dir='ltr'>enim</span> <span class='ocrx_word' id='word_1_30' title='bbox 1366 868 1597 916; x_wconf 76' lang='lat' dir='ltr'>vocalem</span> <span class='ocrx_word' id='word_1_31' title='bbox 1630 881 1681 926; x_wconf 81' lang='grc' dir='ltr'>ιι,</span> 
     </span>
     <span class='ocr_line' id='line_1_7' title="bbox 625 943 1680 1012; baseline -0.009 -14"><span class='ocrx_word' id='word_1_32' title='bbox 625 963 821 1012; x_wconf 88' lang='lat' dir='ltr'>puram.</span> <span class='ocrx_word' id='word_1_33' title='bbox 846 947 1101 1007; x_wconf 86' lang='lat' dir='ltr'>nimirum,</span> <span class='ocrx_word' id='word_1_34' title='bbox 1135 945 1242 993; x_wconf 86' lang='lat' dir='ltr'>sive</span> <span class='ocrx_word' id='word_1_35' title='bbox 1271 950 1394 993; x_wconf 86' lang='lat' dir='ltr'>ante</span> <span class='ocrx_word' id='word_1_36' title='bbox 1417 943 1570 990; x_wconf 87' lang='lat' dir='ltr'>aliam</span> <span class='ocrx_word' id='word_1_37' title='bbox 1590 957 1680 990; x_wconf 82' lang='lat' dir='ltr'>vo·</span> 
     </span>
     <span class='ocr_line' id='line_1_8' title="bbox 624 1017 1684 1086; baseline -0.011 -10"><span class='ocrx_word' id='word_1_38' title='bbox 624 1025 825 1085; x_wconf 81' lang='lat' dir='ltr'>calem,.</span> <span class='ocrx_word' id='word_1_39' title='bbox 846 1024 899 1072; x_wconf 90' lang='lat' dir='ltr'>in</span> <span class='ocrx_word' id='word_1_40' title='bbox 936 1021 1229 1086; x_wconf 85' lang='lat' dir='ltr'>hujusmodi</span> <span class='ocrx_word' id='word_1_41' title='bbox 1260 1018 1473 1068; x_wconf 82' lang='lat' dir='ltr'>vocibus</span> <span class='ocrx_word' id='word_1_42' title='bbox 1496 1017 1684 1080; x_wconf 88' lang='lat' dir='ltr'>produ·</span> 
     </span>
     <span class='ocr_line' id='line_1_9' title="bbox 626 1097 1682 1161; baseline -0.005 -13"><span class='ocrx_word' id='word_1_43' title='bbox 626 1113 749 1149; x_wconf 89' lang='lat' dir='ltr'>cere</span> <span class='ocrx_word' id='word_1_44' title='bbox 794 1105 989 1155; x_wconf 83' lang='lat' dir='ltr'>amant,</span> <span class='ocrx_word' id='word_1_45' title='bbox 1033 1097 1240 1161; x_wconf 80' lang='lat' dir='ltr'>adjecta</span> <span class='ocrx_word' id='word_1_46' title='bbox 1276 1110 1305 1144; x_wconf 76' lang='lat' dir='ltr'><strong><em>v</em></strong></span> <span class='ocrx_word' id='word_1_47' title='bbox 1348 1099 1682 1144; x_wconf 74' lang='lat' dir='ltr'>consonante.</span> 
     </span>
     <span class='ocr_line' id='line_1_10' title="bbox 624 1169 1686 1237; baseline -0.008 -14"><span class='ocrx_word' id='word_1_48' title='bbox 624 1174 811 1227; x_wconf 83' lang='lat' dir='ltr'>Scribo</span> <span class='ocrx_word' id='word_1_49' title='bbox 826 1173 1003 1237; x_wconf 87' lang='lat' dir='ltr'>itaque</span> <span class='ocrx_word' id='word_1_50' title='bbox 1024 1180 1077 1221; x_wconf 85' lang='lat' dir='ltr'>et</span> <span class='ocrx_word' id='word_1_51' title='bbox 1098 1173 1248 1232; x_wconf 82' lang='lat' dir='ltr'>lego:</span> <span class='ocrx_word' id='word_1_52' title='bbox 1288 1169 1482 1224; x_wconf 74' lang='lat' dir='ltr'>Quanta</span> <span class='ocrx_word' id='word_1_53' title='bbox 1508 1182 1686 1230; x_wconf 75' lang='lat' dir='ltr'>quoque</span> 
     </span>
     <span class='ocr_line' id='line_1_11' title="bbox 627 1242 1687 1311; baseline -0.007 -12"><span class='ocrx_word' id='word_1_54' title='bbox 627 1249 901 1309; x_wconf 66' lang='lat' dir='ltr'>haesitent,</span> <span class='ocrx_word' id='word_1_55' title='bbox 921 1251 1002 1311; x_wconf 57' lang='lat' dir='ltr'>&amp;a</span> <span class='ocrx_word' id='word_1_56' title='bbox 1022 1248 1095 1296; x_wconf 88' lang='lat' dir='ltr'>sic</span> <span class='ocrx_word' id='word_1_57' title='bbox 1120 1250 1168 1294; x_wconf 91' lang='lat' dir='ltr'>l.</span> <span class='ocrx_word' id='word_1_58' title='bbox 1190 1249 1303 1294; x_wconf 77' lang='grc'><strong>387.</strong></span> <span class='ocrx_word' id='word_1_59' title='bbox 1334 1245 1350 1271; x_wconf 88' lang='lat'>‘</span> <span class='ocrx_word' id='word_1_60' title='bbox 1369 1244 1573 1305; x_wconf 80' lang='lat' dir='ltr'>Nempe</span> <span class='ocrx_word' id='word_1_61' title='bbox 1596 1242 1687 1292; x_wconf 71' lang='lat' dir='ltr'>aiii·</span> 
     </span>
     <span class='ocr_line' id='line_1_12' title="bbox 626 1316 1688 1380; baseline -0.007 -8"><span class='ocrx_word' id='word_1_62' title='bbox 626 1337 778 1372; x_wconf 86' lang='lat' dir='ltr'>omne</span> <span class='ocrx_word' id='word_1_63' title='bbox 800 1336 1012 1372; x_wconf 87' lang='lat' dir='ltr'>necesse</span> <span class='ocrx_word' id='word_1_64' title='bbox 1034 1329 1115 1370; x_wconf 87' lang='lat' dir='ltr'>est</span> <span class='ocrx_word' id='word_1_65' title='bbox 1137 1320 1287 1368; x_wconf 79' lang='lat' dir='ltr'>Inter</span> <span class='ocrx_word' id='word_1_66' title='bbox 1308 1331 1528 1380; x_wconf 88' lang='lat' dir='ltr'>corpora</span> <span class='ocrx_word' id='word_1_67' title='bbox 1548 1316 1688 1380; x_wconf 82' lang='lat' dir='ltr'>quod</span> 
     </span>
     <span class='ocr_line' id='line_1_13' title="bbox 626 1381 1686 1462; baseline -0.005 -15"><span class='ocrx_word' id='word_1_68' title='bbox 626 1397 795 1459; x_wconf 80' lang='lat' dir='ltr'>fuvat,</span> <span class='ocrx_word' id='word_1_69' title='bbox 818 1397 1050 1462; x_wconf 87' lang='lat' dir='ltr'>possidat</span> <span class='ocrx_word' id='word_1_70' title='bbox 1076 1396 1258 1446; x_wconf 69' lang='lat' dir='ltr'>inane!</span> <span class='ocrx_word' id='word_1_71' title='bbox 1291 1387 1365 1444; x_wconf 83' lang='lat' dir='ltr'>sic</span> <span class='ocrx_word' id='word_1_72' title='bbox 1389 1395 1405 1421; x_wconf 88' lang='lat'>‘</span> <span class='ocrx_word' id='word_1_73' title='bbox 1420 1381 1686 1444; x_wconf 80' lang='lat' dir='ltr'>fluvidum&#39;</span> 
     </span>
     <span class='ocr_line' id='line_1_14' title="bbox 628 1469 1689 1536; baseline -0.002 -14"><span class='ocrx_word' id='word_1_74' title='bbox 628 1474 797 1536; x_wconf 80' lang='lat' dir='ltr'>prima</span> <span class='ocrx_word' id='word_1_75' title='bbox 828 1473 1086 1536; x_wconf 88' lang='lat' dir='ltr'>producta</span> <span class='ocrx_word' id='word_1_76' title='bbox 1105 1487 1200 1535; x_wconf 90' lang='lat' dir='ltr'>pro</span> <span class='ocrx_word' id='word_1_77' title='bbox 1232 1469 1466 1532; x_wconf 83' lang='lat' dir='ltr'>fluidum,</span> <span class='ocrx_word' id='word_1_78' title='bbox 1500 1474 1549 1519; x_wconf 83' lang='lat'>2.</span> <span class='ocrx_word' id='word_1_79' title='bbox 1574 1473 1689 1520; x_wconf 81' lang='grc'><strong>465.</strong></span> 
     </span>
     <span class='ocr_line' id='line_1_15' title="bbox 627 1546 1688 1615; baseline -0.006 -15"><span class='ocrx_word' id='word_1_80' title='bbox 627 1552 798 1600; x_wconf 82' lang='lat' dir='ltr'>‘Nam</span> <span class='ocrx_word' id='word_1_81' title='bbox 819 1551 953 1615; x_wconf 87' lang='lat' dir='ltr'>quod</span> <span class='ocrx_word' id='word_1_82' title='bbox 984 1549 1230 1600; x_wconf 81' lang='lat' dir='ltr'>fluvidum</span> <span class='ocrx_word' id='word_1_83' title='bbox 1267 1555 1367 1607; x_wconf 89' lang='lat' dir='ltr'>est,</span> <span class='ocrx_word' id='word_1_84' title='bbox 1403 1562 1431 1595; x_wconf 90' lang='lat' dir='ltr'>e</span> <span class='ocrx_word' id='word_1_85' title='bbox 1470 1546 1688 1596; x_wconf 82' lang='lat' dir='ltr'>laevibns</span> 
     </span>
     <span class='ocr_line' id='line_1_16' title="bbox 631 1621 1686 1689; baseline -0.004 -14"><span class='ocrx_word' id='word_1_86' title='bbox 631 1633 791 1689; x_wconf 87' lang='lat' dir='ltr'>atq-ue</span> <span class='ocrx_word' id='word_1_87' title='bbox 812 1625 1049 1675; x_wconf 84' lang='lat' dir='ltr'>rotundis</span> <span class='ocrx_word' id='word_1_88' title='bbox 1076 1622 1205 1685; x_wconf 88' lang='lat' dir='ltr'>Est‚’</span> <span class='ocrx_word' id='word_1_89' title='bbox 1240 1626 1337 1672; x_wconf 70' lang='grc' dir='ltr'>διο.</span> <span class='ocrx_word' id='word_1_90' title='bbox 1361 1621 1616 1683; x_wconf 82' lang='lat' dir='ltr'>similiter,</span> <span class='ocrx_word' id='word_1_91' title='bbox 1638 1626 1686 1671; x_wconf 93' lang='grc'><strong>6.</strong></span> 
     </span>
     <span class='ocr_line' id='line_1_17' title="bbox 630 1696 1689 1762; baseline -0.004 -12"><span class='ocrx_word' id='word_1_92' title='bbox 630 1703 746 1750; x_wconf 73' lang='lat'>482.</span> <span class='ocrx_word' id='word_1_93' title='bbox 774 1700 1002 1749; x_wconf 87' lang='lat' dir='ltr'>‘Omnia</span> <span class='ocrx_word' id='word_1_94' title='bbox 1037 1714 1137 1762; x_wconf 90' lang='lat' dir='ltr'>quo</span> <span class='ocrx_word' id='word_1_95' title='bbox 1181 1703 1335 1760; x_wconf 87' lang='lat' dir='ltr'>pacto</span> <span class='ocrx_word' id='word_1_96' title='bbox 1376 1696 1523 1760; x_wconf 83' lang='lat' dir='ltr'>fiant,</span> <span class='ocrx_word' id='word_1_97' title='bbox 1564 1713 1689 1762; x_wconf 88' lang='lat' dir='ltr'>qua-</span> 
     </span>
     <span class='ocr_line' id='line_1_18' title="bbox 629 1774 1692 1836; baseline 0 -11"><span class='ocrx_word' id='word_1_98' title='bbox 629 1791 754 1828; x_wconf 83' lang='lat' dir='ltr'>reve</span> <span class='ocrx_word' id='word_1_99' title='bbox 799 1775 1097 1836; x_wconf 88' lang='lat' dir='ltr'>creentur,’.</span> <span class='ocrx_word' id='word_1_100' title='bbox 1119 1776 1246 1824; x_wconf 87' lang='lat' dir='ltr'>Mss.</span> <span class='ocrx_word' id='word_1_101' title='bbox 1297 1775 1446 1825; x_wconf 83' lang='lat' dir='ltr'>Voss.</span> <span class='ocrx_word' id='word_1_102' title='bbox 1494 1774 1692 1825; x_wconf 81' lang='lat' dir='ltr'>habent</span> 
     </span>
    </p>
   </div>
   <div class='ocr_carea' id='block_1_3' title="bbox 621 1849 1700 1917">
    <p class='ocr_par' dir='ltr' id='par_1_3' title="bbox 621 1849 1700 1917">
     <span class='ocr_line' id='line_1_19' title="bbox 621 1849 1700 1917; baseline -0.004 -15"><span class='ocrx_word' id='word_1_103' title='bbox 621 1853 805 1917; x_wconf 73' lang='lat' dir='ltr'>fluant,</span> <span class='ocrx_word' id='word_1_104' title='bbox 844 1851 983 1901; x_wconf 85' lang='lat' dir='ltr'>haud</span> <span class='ocrx_word' id='word_1_105' title='bbox 1022 1850 1185 1900; x_wconf 85' lang='lat' dir='ltr'>dubie</span> <span class='ocrx_word' id='word_1_106' title='bbox 1226 1865 1257 1898; x_wconf 89' lang='lat' dir='ltr'>a</span> <span class='ocrx_word' id='word_1_107' title='bbox 1300 1863 1424 1897; x_wconf 82' lang='lat' dir='ltr'>vera</span> <span class='ocrx_word' id='word_1_108' title='bbox 1464 1849 1700 1899; x_wconf 82' lang='lat' dir='ltr'>lectione.</span> 
     </span>
    </p>
   </div>
   <div class='ocr_carea' id='block_1_4' title="bbox 578 1925 1697 4250">
    <p class='ocr_par' dir='ltr' id='par_1_4' title="bbox 578 1925 1693 2592">
     <span class='ocr_line' id='line_1_20' title="bbox 620 1925 1689 1992; baseline -0.004 -14"><span class='ocrx_word' id='word_1_109' title='bbox 620 1929 833 1992; x_wconf 67' lang='lat' dir='ltr'>flavent.</span> <span class='ocrx_word' id='word_1_110' title='bbox 900 1930 971 1978; x_wconf 89' lang='lat' dir='ltr'>Et</span> <span class='ocrx_word' id='word_1_111' title='bbox 992 1927 1088 1976; x_wconf 86' lang='lat' dir='ltr'>nisi</span> <span class='ocrx_word' id='word_1_112' title='bbox 1109 1926 1281 1987; x_wconf 84' lang='lat' dir='ltr'>fallor,</span> <span class='ocrx_word' id='word_1_113' title='bbox 1308 1925 1465 1974; x_wconf 88' lang='lat' dir='ltr'>etism</span> <span class='ocrx_word' id='word_1_114' title='bbox 1484 1925 1689 1974; x_wconf 85' lang='lat' dir='ltr'>Ennius</span> 
     </span>
     <span class='ocr_line' id='line_1_21' title="bbox 630 2000 1690 2066; baseline -0.003 -13"><span class='ocrx_word' id='word_1_115' title='bbox 630 2005 647 2034; x_wconf 86' lang='lat'>‘</span> <span class='ocrx_word' id='word_1_116' title='bbox 666 2002 942 2066; x_wconf 81' lang='lat' dir='ltr'>cluvebat,’</span> <span class='ocrx_word' id='word_1_117' title='bbox 958 2003 1123 2066; x_wconf 87' lang='lat' dir='ltr'>prima</span> <span class='ocrx_word' id='word_1_118' title='bbox 1141 2000 1413 2066; x_wconf 88' lang='lat' dir='ltr'>producta,</span> <span class='ocrx_word' id='word_1_119' title='bbox 1430 2016 1525 2064; x_wconf 90' lang='lat' dir='ltr'>pro</span> <span class='ocrx_word' id='word_1_120' title='bbox 1548 2003 1690 2050; x_wconf 85' lang='lat' dir='ltr'>clue-</span> 
     </span>
     <span class='ocr_line' id='line_1_22' title="bbox 630 2076 1691 2141; baseline -0.004 -12"><span class='ocrx_word' id='word_1_121' title='bbox 630 2079 725 2129; x_wconf 74' lang='lat' dir='ltr'>bat</span> <span class='ocrx_word' id='word_1_122' title='bbox 780 2078 970 2131; x_wconf 82' lang='lat' dir='ltr'>alicubi</span> <span class='ocrx_word' id='word_1_123' title='bbox 1022 2078 1213 2141; x_wconf 87' lang='lat' dir='ltr'>posuit.</span> <span class='ocrx_word' id='word_1_124' title='bbox 1282 2077 1402 2126; x_wconf 88' lang='lat' dir='ltr'>Non</span> <span class='ocrx_word' id='word_1_125' title='bbox 1456 2076 1691 2126; x_wconf 76' lang='lat' dir='ltr'>absimile</span> 
     </span>
     <span class='ocr_line' id='line_1_23' title="bbox 632 2153 1692 2218; baseline 0 -16"><span class='ocrx_word' id='word_1_126' title='bbox 632 2160 735 2216; x_wconf 85' lang='lat' dir='ltr'>est,</span> <span class='ocrx_word' id='word_1_127' title='bbox 770 2155 907 2218; x_wconf 89' lang='lat' dir='ltr'>quod</span> <span class='ocrx_word' id='word_1_128' title='bbox 958 2154 1147 2218; x_wconf 85' lang='lat' dir='ltr'>passim</span> <span class='ocrx_word' id='word_1_129' title='bbox 1196 2153 1527 2215; x_wconf 85' lang='lat' dir='ltr'>in.vocibus,</span> <span class='ocrx_word' id='word_1_130' title='bbox 1568 2153 1692 2215; x_wconf 89' lang='lat' dir='ltr'>‘ei,’</span> 
     </span>
     <span class='ocr_line' id='line_1_24' title="bbox 628 2228 1690 2292; baseline -0.001 -15"><span class='ocrx_word' id='word_1_131' title='bbox 628 2230 645 2259; x_wconf 77' lang='lat'>⁸</span> <span class='ocrx_word' id='word_1_132' title='bbox 666 2231 777 2288; x_wconf 86' lang='lat' dir='ltr'>rei‚’</span> <span class='ocrx_word' id='word_1_133' title='bbox 812 2231 1163 2292; x_wconf 79' lang='lat' dir='ltr'>similibusque</span> <span class='ocrx_word' id='word_1_134' title='bbox 1184 2229 1433 2277; x_wconf 72' lang='lat' dir='ltr'><strong>committi</strong></span> <span class='ocrx_word' id='word_1_135' title='bbox 1456 2228 1690 2277; x_wconf 82' lang='lat' dir='ltr'>videmus</span> 
     </span>
     <span class='ocr_line' id='line_1_25' title="bbox 632 2302 1691 2367; baseline -0.005 -12"><span class='ocrx_word' id='word_1_136' title='bbox 632 2304 774 2367; x_wconf 78' lang='lat' dir='ltr'>apud</span> <span class='ocrx_word' id='word_1_137' title='bbox 796 2307 1061 2364; x_wconf 87' lang='lat' dir='ltr'>Nostrum,</span> <span class='ocrx_word' id='word_1_138' title='bbox 1104 2303 1306 2366; x_wconf 82' lang='lat' dir='ltr'>quoties</span> <span class='ocrx_word' id='word_1_139' title='bbox 1342 2302 1691 2364; x_wconf 81' lang='lat' dir='ltr'>producendae</span> 
     </span>
     <span class='ocr_line' id='line_1_26' title="bbox 634 2378 1693 2445; baseline -0.003 -16"><span class='ocrx_word' id='word_1_140' title='bbox 634 2381 836 2445; x_wconf 82' lang='lat' dir='ltr'>priores</span> <span class='ocrx_word' id='word_1_141' title='bbox 867 2379 1091 2442; x_wconf 66' lang='lat' dir='ltr'>syllabae</span> <span class='ocrx_word' id='word_1_142' title='bbox 1120 2379 1351 2439; x_wconf 87' lang='lat' dir='ltr'>veniunt,</span> <span class='ocrx_word' id='word_1_143' title='bbox 1386 2384 1444 2426; x_wconf 87' lang='lat' dir='ltr'>et</span> <span class='ocrx_word' id='word_1_144' title='bbox 1465 2378 1495 2437; x_wconf 68' lang='grc' dir='ltr'>,ἱ</span> <span class='ocrx_word' id='word_1_145' title='bbox 1517 2392 1693 2426; x_wconf 87' lang='lat' dir='ltr'>conso·</span> 
     </span>
     <span class='ocr_line' id='line_1_27' title="bbox 634 2451 1695 2518; baseline -0.004 -14"><span class='ocrx_word' id='word_1_146' title='bbox 634 2470 765 2504; x_wconf 87' lang='lat' dir='ltr'>nans</span> <span class='ocrx_word' id='word_1_147' title='bbox 789 2455 1151 2518; x_wconf 74' lang='lat' dir='ltr'>interponitur,</span> <span class='ocrx_word' id='word_1_148' title='bbox 1168 2459 1227 2502; x_wconf 90' lang='lat' dir='ltr'>ut</span> <span class='ocrx_word' id='word_1_149' title='bbox 1246 2453 1340 2502; x_wconf 84' lang='lat' dir='ltr'>fiat</span> <span class='ocrx_word' id='word_1_150' title='bbox 1363 2455 1379 2481; x_wconf 85' lang='lat'>‘</span> <span class='ocrx_word' id='word_1_151' title='bbox 1400 2452 1486 2515; x_wconf 86' lang='lat' dir='ltr'>eji,</span> <span class='ocrx_word' id='word_1_152' title='bbox 1490 2451 1538 2481; x_wconf 88' lang='lat'>&#39;‘</span> <span class='ocrx_word' id='word_1_153' title='bbox 1558 2451 1695 2516; x_wconf 57' lang='lat' dir='ltr'>rejif</span> 
     </span>
     <span class='ocr_line' id='line_1_28' title="bbox 578 2531 941 2592; baseline 0 -12"><span class='ocrx_word' id='word_1_154' title='bbox 578 2536 582 2541; x_wconf 89' lang='lat'>&#39;</span> <span class='ocrx_word' id='word_1_155' title='bbox 636 2533 735 2580; x_wconf 72' lang='grc' dir='ltr'>ὅτε.</span> <span class='ocrx_word' id='word_1_156' title='bbox 767 2531 941 2592; x_wconf 67' lang='grc' dir='ltr'>Ρπείε.</span> 
     </span>
    </p>

    <p class='ocr_par' dir='ltr' id='par_1_5' title="bbox 633 2602 1697 3180">
     <span class='ocr_line' id='line_1_29' title="bbox 658 2602 1695 2665; baseline 0.001 -12.041"><span class='ocrx_word' id='word_1_157' title='bbox 658 2610 796 2655; x_wconf 79' lang='grc'>587</span> <span class='ocrx_word' id='word_1_158' title='bbox 836 2607 1028 2656; x_wconf 54' lang='lat' dir='ltr'>wemno·</span> <span class='ocrx_word' id='word_1_159' title='bbox 1063 2609 1134 2652; x_wconf 77' lang='lat' dir='ltr'>est</span> <span class='ocrx_word' id='word_1_160' title='bbox 1170 2602 1346 2665; x_wconf 79' lang='lat' dir='ltr'>clarus]</span> <span class='ocrx_word' id='word_1_161' title='bbox 1387 2604 1526 2654; x_wconf 87' lang='lat' dir='ltr'>Hinc</span> <span class='ocrx_word' id='word_1_162' title='bbox 1548 2605 1565 2633; x_wconf 85' lang='lat'>‘</span> <span class='ocrx_word' id='word_1_163' title='bbox 1589 2612 1695 2654; x_wconf 84' lang='lat' dir='ltr'>tre-</span> 
     </span>
     <span class='ocr_line' id='line_1_30' title="bbox 635 2647 1694 2744; baseline 0.002 -16"><span class='ocrx_word' id='word_1_164' title='bbox 635 2647 863 2730; x_wconf 80' lang='lat' dir='ltr'>mulum’</span> <span class='ocrx_word' id='word_1_165' title='bbox 873 2681 1032 2744; x_wconf 88' lang='lat' dir='ltr'>jubar</span> <span class='ocrx_word' id='word_1_166' title='bbox 1069 2681 1189 2730; x_wconf 88' lang='lat' dir='ltr'>solis</span> <span class='ocrx_word' id='word_1_167' title='bbox 1232 2679 1329 2728; x_wconf 84' lang='lat' dir='ltr'>inf.</span> <span class='ocrx_word' id='word_1_168' title='bbox 1365 2685 1481 2732; x_wconf 88' lang='grc'><strong>696.</strong></span> <span class='ocrx_word' id='word_1_169' title='bbox 1545 2682 1562 2710; x_wconf 89' lang='lat'>‘</span> <span class='ocrx_word' id='word_1_170' title='bbox 1588 2680 1694 2730; x_wconf 85' lang='lat' dir='ltr'>Sub</span> 
     </span>
     <span class='ocr_line' id='line_1_31' title="bbox 635 2755 1696 2818; baseline 0.001 -12"><span class='ocrx_word' id='word_1_171' title='bbox 635 2756 791 2806; x_wconf 81' lang='lat' dir='ltr'>terris</span> <span class='ocrx_word' id='word_1_172' title='bbox 824 2755 945 2806; x_wconf 85' lang='lat' dir='ltr'>ideo</span> <span class='ocrx_word' id='word_1_173' title='bbox 980 2755 1255 2806; x_wconf 86' lang='lat' dir='ltr'>tremulum</span> <span class='ocrx_word' id='word_1_174' title='bbox 1286 2755 1447 2818; x_wconf 84' lang='lat' dir='ltr'>jubar</span> <span class='ocrx_word' id='word_1_175' title='bbox 1484 2756 1696 2807; x_wconf 82' lang='lat' dir='ltr'>baesitat</span> 
     </span>
     <span class='ocr_line' id='line_1_32' title="bbox 634 2829 1693 2894; baseline -0.001 -14"><span class='ocrx_word' id='word_1_176' title='bbox 634 2831 808 2894; x_wconf 75' lang='lat' dir='ltr'>ignis!</span> <span class='ocrx_word' id='word_1_177' title='bbox 851 2837 909 2880; x_wconf 85' lang='lat' dir='ltr'>ct</span> <span class='ocrx_word' id='word_1_178' title='bbox 944 2831 1081 2881; x_wconf 75' lang='lat' dir='ltr'>lunae</span> <span class='ocrx_word' id='word_1_179' title='bbox 1124 2829 1475 2878; x_wconf 68' lang='lat' dir='ltr'>ftremulum’</span> <span class='ocrx_word' id='word_1_180' title='bbox 1520 2833 1693 2880; x_wconf 85' lang='lat' dir='ltr'>lumen</span> 
     </span>
     <span class='ocr_line' id='line_1_33' title="bbox 633 2903 1695 2968; baseline 0.001 -14"><span class='ocrx_word' id='word_1_181' title='bbox 633 2908 783 2968; x_wconf 74' lang='lat' dir='ltr'>virg.</span> <span class='ocrx_word' id='word_1_182' title='bbox 816 2907 929 2956; x_wconf 84' lang='lat' dir='ltr'>AEu.</span> <span class='ocrx_word' id='word_1_183' title='bbox 966 2910 1017 2955; x_wconf 79' lang='grc'>7.</span> <span class='ocrx_word' id='word_1_184' title='bbox 1058 2909 1107 2953; x_wconf 95' lang='grc'>9.</span> <span class='ocrx_word' id='word_1_185' title='bbox 1140 2903 1426 2968; x_wconf 82' lang='lat' dir='ltr'>‘splendet</span> <span class='ocrx_word' id='word_1_186' title='bbox 1470 2907 1695 2960; x_wconf 80' lang='lat' dir='ltr'>tremulo</span> 
     </span>
     <span class='ocr_line' id='line_1_34' title="bbox 634 2978 1697 3042; baseline 0.002 -15"><span class='ocrx_word' id='word_1_187' title='bbox 634 2979 731 3028; x_wconf 87' lang='lat' dir='ltr'>sub</span> <span class='ocrx_word' id='word_1_188' title='bbox 758 2980 947 3028; x_wconf 85' lang='lat' dir='ltr'>lumine</span> <span class='ocrx_word' id='word_1_189' title='bbox 970 2978 1191 3042; x_wconf 61' lang='lat' dir='ltr'>pontus?</span> <span class='ocrx_word' id='word_1_190' title='bbox 1221 2984 1436 3027; x_wconf 85' lang='lat' dir='ltr'>notante</span> <span class='ocrx_word' id='word_1_191' title='bbox 1469 2980 1697 3029; x_wconf 88' lang='lat' dir='ltr'>Turneb.</span> 
     </span>
     <span class='ocr_line' id='line_1_35' title="bbox 636 3052 1697 3106; baseline 0.004 -4"><span class='ocrx_word' id='word_1_192' title='bbox 636 3054 773 3104; x_wconf 84' lang='lat' dir='ltr'>Adv.</span> <span class='ocrx_word' id='word_1_193' title='bbox 786 3059 845 3106; x_wconf 83' lang='lat'>..6</span> <span class='ocrx_word' id='word_1_194' title='bbox 868 3059 918 3104; x_wconf 89' lang='grc'><strong>6.</strong></span> <span class='ocrx_word' id='word_1_195' title='bbox 953 3061 1009 3103; x_wconf 90' lang='lat' dir='ltr'>et</span> <span class='ocrx_word' id='word_1_196' title='bbox 1042 3061 1265 3104; x_wconf 85' lang='lat' dir='ltr'>tremere</span> <span class='ocrx_word' id='word_1_197' title='bbox 1302 3052 1497 3103; x_wconf 87' lang='lat' dir='ltr'>dicitur</span> <span class='ocrx_word' id='word_1_198' title='bbox 1531 3055 1697 3106; x_wconf 75' lang='lat' dir='ltr'>aether</span> 
     </span>
     <span class='ocr_line' id='line_1_36' title="bbox 636 3131 1337 3184; baseline -0.001 -5"><span class='ocrx_word' id='word_1_199' title='bbox 636 3138 825 3183; x_wconf 82' lang='lat' dir='ltr'>nostro</span> <span class='ocrx_word' id='word_1_200' title='bbox 836 3135 889 3184; x_wconf 94' lang='lat'>1</span> <span class='ocrx_word' id='word_1_201' title='bbox 911 3135 1057 3180; x_wconf 86' lang='grc'><strong>1088.</strong></span> <span class='ocrx_word' id='word_1_202' title='bbox 1080 3131 1215 3180; x_wconf 80' lang='lat' dir='ltr'>Han.</span> <span class='ocrx_word' id='word_1_203' title='bbox 1334 3174 1337 3178; x_wconf 89' lang='lat'>.</span> 
     </span>
    </p>

    <p class='ocr_par' dir='ltr' id='par_1_6' title="bbox 632 3204 1697 4027">
     <span class='ocr_line' id='line_1_37' title="bbox 701 3204 1695 3270; baseline -0.003 -13"><span class='ocrx_word' id='word_1_204' title='bbox 701 3211 798 3258; x_wconf 82' lang='lat'>588</span> <span class='ocrx_word' id='word_1_205' title='bbox 830 3207 1028 3256; x_wconf 73' lang='lat' dir='ltr'>Mutare</span> <span class='ocrx_word' id='word_1_206' title='bbox 1058 3207 1299 3270; x_wconf 75' lang='lat' dir='ltr'>videntur]</span> <span class='ocrx_word' id='word_1_207' title='bbox 1333 3204 1493 3255; x_wconf 86' lang='lat' dir='ltr'>Ordo</span> <span class='ocrx_word' id='word_1_208' title='bbox 1502 3211 1600 3267; x_wconf 82' lang='lat' dir='ltr'>est,</span> <span class='ocrx_word' id='word_1_209' title='bbox 1625 3206 1695 3269; x_wconf 83' lang='lat' dir='ltr'>ig-</span> 
     </span>
     <span class='ocr_line' id='line_1_38' title="bbox 636 3283 1696 3371; baseline 0 -39"><span class='ocrx_word' id='word_1_210' title='bbox 636 3299 727 3334; x_wconf 81' lang='lat' dir='ltr'>nes</span> <span class='ocrx_word' id='word_1_211' title='bbox 757 3298 1069 3371; x_wconf 78' lang='lat' dir='ltr'>per-‚parvum</span> <span class='ocrx_word' id='word_1_212' title='bbox 1104 3283 1345 3347; x_wconf 81' lang='lat' dir='ltr'>quiddam</span> <span class='ocrx_word' id='word_1_213' title='bbox 1380 3291 1585 3334; x_wconf 83' lang='lat' dir='ltr'>mutare</span> <span class='ocrx_word' id='word_1_214' title='bbox 1621 3286 1696 3333; x_wconf 79' lang='lat' dir='ltr'>vi·</span> 
     </span>
     <span class='ocr_line' id='line_1_39' title="bbox 636 3358 1697 3422; baseline 0.001 -14"><span class='ocrx_word' id='word_1_215' title='bbox 636 3361 826 3408; x_wconf 85' lang='lat' dir='ltr'>dentur</span> <span class='ocrx_word' id='word_1_216' title='bbox 863 3358 1003 3408; x_wconf 88' lang='lat' dir='ltr'>filum</span> <span class='ocrx_word' id='word_1_217' title='bbox 1040 3360 1093 3408; x_wconf 90' lang='lat' dir='ltr'>in</span> <span class='ocrx_word' id='word_1_218' title='bbox 1132 3361 1433 3410; x_wconf 76' lang='lat' dir='ltr'>alterutram</span> <span class='ocrx_word' id='word_1_219' title='bbox 1472 3366 1697 3422; x_wconf 87' lang='lat' dir='ltr'>partem,</span> 
     </span>
     <span class='ocr_line' id='line_1_40' title="bbox 634 3433 1694 3496; baseline 0.003 -15"><span class='ocrx_word' id='word_1_220' title='bbox 634 3433 670 3482; x_wconf 90' lang='lat' dir='ltr'>i.</span> <span class='ocrx_word' id='word_1_221' title='bbox 696 3447 744 3482; x_wconf 91' lang='lat' dir='ltr'>e.</span> <span class='ocrx_word' id='word_1_222' title='bbox 764 3435 817 3482; x_wconf 86' lang='lat' dir='ltr'>iu</span> <span class='ocrx_word' id='word_1_223' title='bbox 844 3435 956 3496; x_wconf 86' lang='lat' dir='ltr'>plus</span> <span class='ocrx_word' id='word_1_224' title='bbox 981 3434 1062 3482; x_wconf 88' lang='lat' dir='ltr'>vel</span> <span class='ocrx_word' id='word_1_225' title='bbox 1087 3435 1267 3482; x_wconf 88' lang='lat' dir='ltr'>minus.</span> <span class='ocrx_word' id='word_1_226' title='bbox 1302 3434 1520 3485; x_wconf 79' lang='lat' dir='ltr'>Lumbin.</span> <span class='ocrx_word' id='word_1_227' title='bbox 1572 3436 1694 3484; x_wconf 91' lang='lat' dir='ltr'>Pal-</span> 
     </span>
     <span class='ocr_line' id='line_1_41' title="bbox 638 3509 1694 3568; baseline 0.001 -10"><span class='ocrx_word' id='word_1_228' title='bbox 638 3510 828 3558; x_wconf 71' lang='lat' dir='ltr'>metius</span> <span class='ocrx_word' id='word_1_229' title='bbox 864 3511 1060 3562; x_wconf 77' lang='lat' dir='ltr'>Mutare</span> <span class='ocrx_word' id='word_1_230' title='bbox 1096 3511 1303 3568; x_wconf 78' lang='lat' dir='ltr'>videtur,</span> <span class='ocrx_word' id='word_1_231' title='bbox 1337 3509 1371 3557; x_wconf 90' lang='lat' dir='ltr'>i.</span> <span class='ocrx_word' id='word_1_232' title='bbox 1414 3523 1461 3556; x_wconf 93' lang='lat' dir='ltr'>e.</span> <span class='ocrx_word' id='word_1_233' title='bbox 1505 3512 1694 3560; x_wconf 88' lang='lat' dir='ltr'>mutari</span> 
     </span>
     <span class='ocr_line' id='line_1_42' title="bbox 636 3583 1693 3645; baseline 0.002 -13"><span class='ocrx_word' id='word_1_234' title='bbox 636 3583 807 3635; x_wconf 82' lang='lat' dir='ltr'>filum:</span> <span class='ocrx_word' id='word_1_235' title='bbox 870 3584 986 3632; x_wconf 88' lang='lat' dir='ltr'>Hac</span> <span class='ocrx_word' id='word_1_236' title='bbox 1026 3584 1389 3632; x_wconf 83' lang='lat' dir='ltr'>observatione</span> <span class='ocrx_word' id='word_1_237' title='bbox 1432 3585 1693 3645; x_wconf 87' lang='lat' dir='ltr'>potuimus</span> 
     </span>
     <span class='ocr_line' id='line_1_43' title="bbox 636 3658 1696 3720; baseline 0.001 -12"><span class='ocrx_word' id='word_1_238' title='bbox 636 3673 833 3712; x_wconf 81' lang='lat' dir='ltr'>carere.</span> <span class='ocrx_word' id='word_1_239' title='bbox 891 3659 1083 3706; x_wconf 77' lang='lat' dir='ltr'>Creech.</span> <span class='ocrx_word' id='word_1_240' title='bbox 1140 3658 1267 3720; x_wconf 85' lang='lat' dir='ltr'>Legi</span> <span class='ocrx_word' id='word_1_241' title='bbox 1289 3659 1497 3709; x_wconf 87' lang='lat' dir='ltr'>hicnon</span> <span class='ocrx_word' id='word_1_242' title='bbox 1522 3666 1696 3720; x_wconf 82' lang='lat' dir='ltr'>potest</span> 
     </span>
     <span class='ocr_line' id='line_1_44' title="bbox 634 3733 1694 3796; baseline 0.002 -14"><span class='ocrx_word' id='word_1_243' title='bbox 634 3739 821 3783; x_wconf 72' lang='lat' dir='ltr'>mutare</span> <span class='ocrx_word' id='word_1_244' title='bbox 842 3735 1045 3794; x_wconf 74' lang='lat' dir='ltr'>videtur,</span> <span class='ocrx_word' id='word_1_245' title='bbox 1066 3733 1186 3784; x_wconf 82' lang='lat' dir='ltr'>licet</span> <span class='ocrx_word' id='word_1_246' title='bbox 1206 3747 1567 3796; x_wconf 81' lang='lat' dir='ltr'>nonnunquam</span> <span class='ocrx_word' id='word_1_247' title='bbox 1594 3751 1694 3784; x_wconf 77' lang='lat' dir='ltr'>mu-</span> 
     </span>
     <span class='ocr_line' id='line_1_45' title="bbox 632 3811 1694 3874; baseline 0.002 -14"><span class='ocrx_word' id='word_1_248' title='bbox 632 3814 741 3860; x_wconf 74' lang='lat' dir='ltr'>tare</span> <span class='ocrx_word' id='word_1_249' title='bbox 774 3811 978 3874; x_wconf 76' lang='lat' dir='ltr'>passive</span> <span class='ocrx_word' id='word_1_250' title='bbox 1016 3818 1265 3871; x_wconf 79' lang='lat' dir='ltr'>sumatur,</span> <span class='ocrx_word' id='word_1_251' title='bbox 1294 3817 1355 3858; x_wconf 90' lang='lat' dir='ltr'>ut</span> <span class='ocrx_word' id='word_1_252' title='bbox 1389 3813 1538 3874; x_wconf 90' lang='lat' dir='ltr'>plura</span> <span class='ocrx_word' id='word_1_253' title='bbox 1572 3814 1694 3862; x_wconf 83' lang='lat' dir='ltr'>talia</span> 
     </span>
     <span class='ocr_line' id='line_1_46' title="bbox 636 3887 1694 3952; baseline 0.005 -18"><span class='ocrx_word' id='word_1_254' title='bbox 636 3887 815 3944; x_wconf 87' lang='lat' dir='ltr'>verba,</span> <span class='ocrx_word' id='word_1_255' title='bbox 836 3902 947 3952; x_wconf 82' lang='lat' dir='ltr'>quae</span> <span class='ocrx_word' id='word_1_256' title='bbox 968 3894 1248 3938; x_wconf 77' lang='lat' dir='ltr'>,enumerat</span> <span class='ocrx_word' id='word_1_257' title='bbox 1272 3888 1422 3936; x_wconf 86' lang='lat' dir='ltr'>Voss.</span> <span class='ocrx_word' id='word_1_258' title='bbox 1456 3887 1521 3935; x_wconf 89' lang='lat' dir='ltr'>de</span> <span class='ocrx_word' id='word_1_259' title='bbox 1542 3887 1694 3940; x_wconf 85' lang='lat' dir='ltr'>Anal.</span> 
     </span>
     <span class='ocr_line' id='line_1_47' title="bbox 635 3961 1349 4027; baseline 0.001 -17"><span class='ocrx_word' id='word_1_260' title='bbox 635 3963 673 4010; x_wconf 86' lang='lat'>1.</span> <span class='ocrx_word' id='word_1_261' title='bbox 698 3967 745 4012; x_wconf 80' lang='lat'>3.</span> <span class='ocrx_word' id='word_1_262' title='bbox 772 3979 887 4027; x_wconf 88' lang='lat' dir='ltr'>cap.</span> <span class='ocrx_word' id='word_1_263' title='bbox 912 3967 961 4012; x_wconf 78' lang='lat'>3.</span> <span class='ocrx_word' id='word_1_264' title='bbox 986 3977 1038 4024; x_wconf 86' lang='lat' dir='ltr'>p.</span> <span class='ocrx_word' id='word_1_265' title='bbox 1067 3966 1145 4011; x_wconf 87' lang='lat'>10.</span> <span class='ocrx_word' id='word_1_266' title='bbox 1213 3961 1349 4011; x_wconf 74' lang='lat' dir='ltr'>Hau.</span> 
     </span>
    </p>

    <p class='ocr_par' dir='ltr' id='par_1_7' title="bbox 636 4035 1697 4172">
     <span class='ocr_line' id='line_1_48' title="bbox 688 4035 1697 4100; baseline 0.003 -15"><span class='ocrx_word' id='word_1_267' title='bbox 688 4042 799 4086; x_wconf 85' lang='grc'><strong>,589</strong></span> <span class='ocrx_word' id='word_1_268' title='bbox 818 4037 1004 4100; x_wconf 80' lang='lat' dir='ltr'>Filum]</span> <span class='ocrx_word' id='word_1_269' title='bbox 1021 4038 1075 4086; x_wconf 89' lang='grc' dir='ltr'>Ι..</span> <span class='ocrx_word' id='word_1_270' title='bbox 1089 4051 1137 4084; x_wconf 90' lang='lat' dir='ltr'>e.</span> <span class='ocrx_word' id='word_1_271' title='bbox 1158 4035 1548 4100; x_wconf 77' lang='lat' dir='ltr'>lineamentum,</span> <span class='ocrx_word' id='word_1_272' title='bbox 1566 4038 1697 4089; x_wconf 82' lang='lat' dir='ltr'>duc--</span> 
     </span>
     <span class='ocr_line' id='line_1_49' title="bbox 636 4113 1511 4172; baseline 0 -12"><span class='ocrx_word' id='word_1_273' title='bbox 636 4119 766 4172; x_wconf 81' lang='lat' dir='ltr'>tum,</span> <span class='ocrx_word' id='word_1_274' title='bbox 790 4115 1193 4165; x_wconf 78' lang='lat' dir='ltr'>extremitatem.</span> <span class='ocrx_word' id='word_1_275' title='bbox 1260 4113 1475 4163; x_wconf 65' lang='lat' dir='ltr'>Lambini..</span> <span class='ocrx_word' id='word_1_276' title='bbox 1502 4148 1511 4160; x_wconf 83' lang='lat'>.</span> 
     </span>
    </p>

    <p class='ocr_par' dir='ltr' id='par_1_8' title="bbox 704 4188 1689 4250">
     <span class='ocr_line' id='line_1_50' title="bbox 704 4188 1689 4250; baseline 0.003 -14"><span class='ocrx_word' id='word_1_277' title='bbox 704 4189 825 4238; x_wconf 80' lang='lat' dir='ltr'>Cum</span> <span class='ocrx_word' id='word_1_278' title='bbox 876 4191 1063 4250; x_wconf 78' lang='lat' dir='ltr'>longius</span> <span class='ocrx_word' id='word_1_279' title='bbox 1110 4188 1290 4250; x_wconf 75' lang='lat' dir='ltr'>absint]</span> <span class='ocrx_word' id='word_1_280' title='bbox 1322 4190 1536 4238; x_wconf 86' lang='lat' dir='ltr'>Secutus</span> <span class='ocrx_word' id='word_1_281' title='bbox 1578 4205 1689 4239; x_wconf 88' lang='lat' dir='ltr'>snm</span> 
     </span>
    </p>
   </div>
   <div class='ocr_carea' id='block_1_5' title="bbox 542 4264 1687 4330">
    <p class='ocr_par' dir='ltr' id='par_1_9' title="bbox 542 4264 1687 4330">
     <span class='ocr_line' id='line_1_51' title="bbox 542 4264 1687 4330; baseline -0.004 -13"><span class='ocrx_word' id='word_1_282' title='bbox 542 4281 549 4287; x_wconf 73' lang='lat'><strong>·</strong></span> <span class='ocrx_word' id='word_1_283' title='bbox 637 4264 839 4317; x_wconf 82' lang='lat' dir='ltr'>codices</span> <span class='ocrx_word' id='word_1_284' title='bbox 864 4267 1095 4329; x_wconf 79' lang='lat' dir='ltr'>vulgatos</span> <span class='ocrx_word' id='word_1_285' title='bbox 1116 4265 1330 4329; x_wconf 85' lang='lat' dir='ltr'>omneis,</span> <span class='ocrx_word' id='word_1_286' title='bbox 1356 4274 1547 4330; x_wconf 84' lang='lat' dir='ltr'>praeter</span> <span class='ocrx_word' id='word_1_287' title='bbox 1560 4281 1687 4330; x_wconf 74' lang='lat' dir='ltr'>pau.</span> 
     </span>
    </p>
   </div>
   <div class='ocr_carea' id='block_1_6' title="bbox 1290 419 2112 472">
    <p class='ocr_par' dir='ltr' id='par_1_10' title="bbox 1290 419 2112 472">
     <span class='ocr_line' id='line_1_52' title="bbox 1290 419 2112 472; baseline 0 -7"><span class='ocrx_word' id='word_1_288' title='bbox 1290 423 1529 472; x_wconf 58' lang='lat' dir='ltr'>1⁴05·AE</span> <span class='ocrx_word' id='word_1_289' title='bbox 1576 421 1671 468; x_wconf 77' lang='lat' dir='ltr'>vA</span> <span class='ocrx_word' id='word_1_290' title='bbox 1688 419 1982 470; x_wconf 67' lang='lat' dir='ltr'>monum</span> <span class='ocrx_word' id='word_1_291' title='bbox 2031 419 2112 466; x_wconf 83' lang='lat' dir='ltr'>IN</span> 
     </span>
    </p>
   </div>
   <div class='ocr_carea' id='block_1_7' title="bbox 1753 550 2832 3955">
    <p class='ocr_par' dir='ltr' id='par_1_11' title="bbox 1753 550 2832 3955">
     <span class='ocr_line' id='line_1_53' title="bbox 1753 550 2818 626; baseline -0.007 -14"><span class='ocrx_word' id='word_1_292' title='bbox 1753 569 1866 625; x_wconf 76' lang='lat' dir='ltr'>cos,</span> <span class='ocrx_word' id='word_1_293' title='bbox 1905 563 1955 611; x_wconf 91' lang='lat' dir='ltr'>in</span> <span class='ocrx_word' id='word_1_294' title='bbox 2001 560 2189 626; x_wconf 88' lang='lat' dir='ltr'>quibus</span> <span class='ocrx_word' id='word_1_295' title='bbox 2231 555 2448 622; x_wconf 55' lang='lat' dir='ltr'>legitur,</span> <span class='ocrx_word' id='word_1_296' title='bbox 2471 571 2578 620; x_wconf 79' lang='lat' dir='ltr'>-quo</span> <span class='ocrx_word' id='word_1_297' title='bbox 2627 550 2818 618; x_wconf 71' lang='lat' dir='ltr'>longius</span> 
     </span>
     <span class='ocr_line' id='line_1_54' title="bbox 1753 631 2816 696; baseline -0.007 -9"><span class='ocrx_word' id='word_1_298' title='bbox 1753 639 1893 687; x_wconf 75' lang='lat' dir='ltr'>absit.</span> <span class='ocrx_word' id='word_1_299' title='bbox 1916 653 2034 688; x_wconf 82' lang='lat' dir='ltr'>nam</span> <span class='ocrx_word' id='word_1_300' title='bbox 2069 637 2122 684; x_wconf 91' lang='lat' dir='ltr'>in</span> <span class='ocrx_word' id='word_1_301' title='bbox 2161 633 2525 696; x_wconf 76' lang='lat' dir='ltr'>manuscriptis</span> <span class='ocrx_word' id='word_1_302' title='bbox 2559 631 2816 694; x_wconf 86' lang='lat' dir='ltr'>scripturn</span> 
     </span>
     <span class='ocr_line' id='line_1_55' title="bbox 1755 708 2830 777; baseline -0.007 -15"><span class='ocrx_word' id='word_1_303' title='bbox 1755 713 1950 777; x_wconf 88' lang='lat' dir='ltr'>reperi,</span> <span class='ocrx_word' id='word_1_304' title='bbox 1983 726 2170 776; x_wconf 70' lang='lat' dir='ltr'>quoque</span> <span class='ocrx_word' id='word_1_305' title='bbox 2202 711 2386 771; x_wconf 79' lang='lat' dir='ltr'>longius</span> <span class='ocrx_word' id='word_1_306' title='bbox 2417 708 2578 757; x_wconf 74' lang='lat' dir='ltr'>absit.-</span> <span class='ocrx_word' id='word_1_307' title='bbox 2612 715 2670 756; x_wconf 89' lang='lat' dir='ltr'>ut</span> <span class='ocrx_word' id='word_1_308' title='bbox 2704 722 2830 757; x_wconf 84' lang='lat' dir='ltr'>cre·.</span> 
     </span>
     <span class='ocr_line' id='line_1_56' title="bbox 1756 783 2820 850; baseline -0.005 -14"><span class='ocrx_word' id='word_1_309' title='bbox 1756 787 1914 838; x_wconf 85' lang='lat' dir='ltr'>dibile</span> <span class='ocrx_word' id='word_1_310' title='bbox 1947 789 2036 847; x_wconf 83' lang='lat' dir='ltr'>sit,</span> <span class='ocrx_word' id='word_1_311' title='bbox 2053 786 2334 850; x_wconf 83' lang='lat' dir='ltr'>legendum</span> <span class='ocrx_word' id='word_1_312' title='bbox 2368 783 2820 846; x_wconf 68' lang='lat' dir='ltr'>esse‚quolongs‘us</span> 
     </span>
     <span class='ocr_line' id='line_1_57' title="bbox 1755 859 2819 923; baseline -0.004 -11"><span class='ocrx_word' id='word_1_313' title='bbox 1755 863 1926 913; x_wconf 77' lang='lat' dir='ltr'>absint.</span> <span class='ocrx_word' id='word_1_314' title='bbox 1962 862 2119 912; x_wconf 76' lang='lat' dir='ltr'>absint</span> <span class='ocrx_word' id='word_1_315' title='bbox 2156 869 2330 910; x_wconf 87' lang='lat' dir='ltr'>autem</span> <span class='ocrx_word' id='word_1_316' title='bbox 2366 860 2650 923; x_wconf 83' lang='lat' dir='ltr'>legendum</span> <span class='ocrx_word' id='word_1_317' title='bbox 2671 859 2819 908; x_wconf 82' lang='lat' dir='ltr'>vide·</span> 
     </span>
     <span class='ocr_line' id='line_1_58' title="bbox 1757 937 2830 1005; baseline -0.004 -17"><span class='ocrx_word' id='word_1_318' title='bbox 1757 946 1845 990; x_wconf 88' lang='lat' dir='ltr'>tur</span> <span class='ocrx_word' id='word_1_319' title='bbox 1879 941 2053 1004; x_wconf 88' lang='lat' dir='ltr'>potins</span> <span class='ocrx_word' id='word_1_320' title='bbox 2095 954 2246 1005; x_wconf 90' lang='lat' dir='ltr'>quam</span> <span class='ocrx_word' id='word_1_321' title='bbox 2289 938 2428 1002; x_wconf 76' lang='lat' dir='ltr'>absit,</span> <span class='ocrx_word' id='word_1_322' title='bbox 2463 945 2525 988; x_wconf 91' lang='lat' dir='ltr'>ut</span> <span class='ocrx_word' id='word_1_323' title='bbox 2557 937 2830 986; x_wconf 80' lang='lat' dir='ltr'>referatur-</span> 
     </span>
     <span class='ocr_line' id='line_1_59' title="bbox 1759 1011 2822 1080; baseline -0.004 -15"><span class='ocrx_word' id='word_1_324' title='bbox 1759 1016 1825 1065; x_wconf 87' lang='lat' dir='ltr'>ad</span> <span class='ocrx_word' id='word_1_325' title='bbox 1858 1019 1874 1043; x_wconf 79' lang='lat'>⁴</span> <span class='ocrx_word' id='word_1_326' title='bbox 1896 1017 2042 1080; x_wconf 79' lang='lat' dir='ltr'>ignes</span> <span class='ocrx_word' id='word_1_327' title='bbox 2061 1016 2095 1065; x_wconf 71' lang='grc' dir='ltr'>ε’</span> <span class='ocrx_word' id='word_1_328' title='bbox 2119 1015 2258 1079; x_wconf 88' lang='lat' dir='ltr'>quod</span> <span class='ocrx_word' id='word_1_329' title='bbox 2297 1015 2340 1063; x_wconf 86' lang='lat' dir='ltr'>si</span> <span class='ocrx_word' id='word_1_330' title='bbox 2381 1014 2495 1078; x_wconf 89' lang='lat' dir='ltr'>quis</span> <span class='ocrx_word' id='word_1_331' title='bbox 2532 1011 2822 1063; x_wconf 83' lang='lat' dir='ltr'>contendet</span> 
     </span>
     <span class='ocr_line' id='line_1_60' title="bbox 1756 1087 2818 1154; baseline -0.004 -14"><span class='ocrx_word' id='word_1_332' title='bbox 1756 1090 2034 1154; x_wconf 84' lang='lat' dir='ltr'>legendum</span> <span class='ocrx_word' id='word_1_333' title='bbox 2065 1090 2208 1153; x_wconf 79' lang='lat' dir='ltr'>absit,</span> <span class='ocrx_word' id='word_1_334' title='bbox 2231 1087 2663 1139; x_wconf 68' lang='lat' dir='ltr'>cohoerebitcum</span> <span class='ocrx_word' id='word_1_335' title='bbox 2687 1101 2818 1136; x_wconf 83' lang='lat' dir='ltr'>voce</span> 
     </span>
     <span class='ocr_line' id='line_1_61' title="bbox 1761 1163 2821 1226; baseline -0.004 -12"><span class='ocrx_word' id='word_1_336' title='bbox 1761 1165 1970 1214; x_wconf 86' lang='lat' dir='ltr'>‘filum.&#39;</span> <span class='ocrx_word' id='word_1_337' title='bbox 2032 1165 2198 1215; x_wconf 82' lang='lat' dir='ltr'>Lamb.</span> <span class='ocrx_word' id='word_1_338' title='bbox 2265 1165 2478 1226; x_wconf 78' lang='lat' dir='ltr'>Longius</span> <span class='ocrx_word' id='word_1_339' title='bbox 2529 1163 2673 1213; x_wconf 76' lang='lat' dir='ltr'>absit.</span> <span class='ocrx_word' id='word_1_340' title='bbox 2731 1163 2821 1212; x_wconf 83' lang='lat' dir='ltr'>Ita</span> 
     </span>
     <span class='ocr_line' id='line_1_62' title="bbox 1761 1239 2820 1304; baseline -0.002 -16"><span class='ocrx_word' id='word_1_341' title='bbox 1761 1241 1901 1304; x_wconf 82' lang='lat' dir='ltr'>vulg.</span> <span class='ocrx_word' id='word_1_342' title='bbox 1937 1239 2167 1304; x_wconf 85' lang='lat' dir='ltr'>quidam,</span> <span class='ocrx_word' id='word_1_343' title='bbox 2190 1244 2246 1289; x_wconf 90' lang='lat' dir='ltr'>et</span> <span class='ocrx_word' id='word_1_344' title='bbox 2262 1245 2396 1288; x_wconf 82' lang='lat' dir='ltr'>vett.</span> <span class='ocrx_word' id='word_1_345' title='bbox 2419 1253 2595 1302; x_wconf 77' lang='lat' dir='ltr'>quoque</span> <span class='ocrx_word' id='word_1_346' title='bbox 2631 1239 2820 1299; x_wconf 72' lang='lat' dir='ltr'>longius</span> 
     </span>
     <span class='ocr_line' id='line_1_63' title="bbox 1763 1312 2832 1380; baseline -0.004 -14"><span class='ocrx_word' id='word_1_347' title='bbox 1763 1318 1904 1367; x_wconf 78' lang='lat' dir='ltr'>absit.</span> <span class='ocrx_word' id='word_1_348' title='bbox 1938 1316 2063 1380; x_wconf 88' lang='lat' dir='ltr'>Alii,</span> <span class='ocrx_word' id='word_1_349' title='bbox 2083 1332 2189 1366; x_wconf 76' lang='lat' dir='ltr'>eum</span> <span class='ocrx_word' id='word_1_350' title='bbox 2209 1315 2396 1376; x_wconf 72' lang='lat' dir='ltr'>longius</span> <span class='ocrx_word' id='word_1_351' title='bbox 2416 1314 2591 1363; x_wconf 76' lang='lat' dir='ltr'>absint.</span> <span class='ocrx_word' id='word_1_352' title='bbox 2643 1312 2832 1364; x_wconf 72' lang='lat' dir='ltr'>Gifan.</span> 
     </span>
     <span class='ocr_line' id='line_1_64' title="bbox 1759 1389 2823 1454; baseline -0.007 -10"><span class='ocrx_word' id='word_1_353' title='bbox 1759 1414 1769 1422; x_wconf 68' lang='grc'><strong><em>’</em></strong></span> <span class='ocrx_word' id='word_1_354' title='bbox 1827 1398 1924 1444; x_wconf 80' lang='grc'>592</span> <span class='ocrx_word' id='word_1_355' title='bbox 1959 1395 2084 1443; x_wconf 78' lang='lat' dir='ltr'>Illud</span> <span class='ocrx_word' id='word_1_356' title='bbox 2097 1390 2426 1454; x_wconf 71' lang='lat' dir='ltr'>itemnonest]</span> <span class='ocrx_word' id='word_1_357' title='bbox 2461 1390 2616 1439; x_wconf 88' lang='lat' dir='ltr'>Nunc</span> <span class='ocrx_word' id='word_1_358' title='bbox 2632 1389 2823 1438; x_wconf 76' lang='lat' dir='ltr'>docet:</span> 
     </span>
     <span class='ocr_line' id='line_1_65' title="bbox 1764 1467 2824 1536; baseline -0.006 -16"><span class='ocrx_word' id='word_1_359' title='bbox 1764 1471 2092 1536; x_wconf 87' lang='lat' dir='ltr'>quamobrem</span> <span class='ocrx_word' id='word_1_360' title='bbox 2131 1469 2225 1530; x_wconf 87' lang='lat' dir='ltr'>sol,</span> <span class='ocrx_word' id='word_1_361' title='bbox 2253 1482 2368 1518; x_wconf 89' lang='lat' dir='ltr'>cum</span> <span class='ocrx_word' id='word_1_362' title='bbox 2409 1467 2479 1516; x_wconf 86' lang='lat' dir='ltr'>sit</span> <span class='ocrx_word' id='word_1_363' title='bbox 2515 1473 2622 1515; x_wconf 78' lang='lat' dir='ltr'>tam</span> <span class='ocrx_word' id='word_1_364' title='bbox 2663 1481 2824 1529; x_wconf 75' lang='lat' dir='ltr'>parva</span> 
     </span>
     <span class='ocr_line' id='line_1_66' title="bbox 1762 1543 2822 1612; baseline -0.006 -13"><span class='ocrx_word' id='word_1_365' title='bbox 1762 1545 1928 1612; x_wconf 78' lang='lat' dir='ltr'>figura</span> <span class='ocrx_word' id='word_1_366' title='bbox 1962 1549 2232 1612; x_wconf 79' lang='lat' dir='ltr'>praeditus,</span> <span class='ocrx_word' id='word_1_367' title='bbox 2257 1552 2458 1595; x_wconf 78' lang='lat' dir='ltr'>tantum</span> <span class='ocrx_word' id='word_1_368' title='bbox 2496 1544 2670 1592; x_wconf 88' lang='lat' dir='ltr'>lumen</span> <span class='ocrx_word' id='word_1_369' title='bbox 2704 1543 2822 1593; x_wconf 87' lang='lat' dir='ltr'>mit-</span> 
     </span>
     <span class='ocr_line' id='line_1_67' title="bbox 1767 1619 2823 1688; baseline -0.007 -13"><span class='ocrx_word' id='word_1_370' title='bbox 1767 1632 1877 1675; x_wconf 82' lang='lat' dir='ltr'>tere</span> <span class='ocrx_word' id='word_1_371' title='bbox 1917 1640 1978 1674; x_wconf 89' lang='lat' dir='ltr'>ac</span> <span class='ocrx_word' id='word_1_372' title='bbox 2016 1622 2331 1688; x_wconf 79' lang='lat' dir='ltr'>profundere</span> <span class='ocrx_word' id='word_1_373' title='bbox 2365 1626 2537 1685; x_wconf 80' lang='lat' dir='ltr'>queat.</span> <span class='ocrx_word' id='word_1_374' title='bbox 2603 1619 2823 1668; x_wconf 65' lang='lat' dir='ltr'>Lambinz</span> 
     </span>
     <span class='ocr_line' id='line_1_68' title="bbox 1763 1697 2823 1758; baseline -0.007 -8"><span class='ocrx_word' id='word_1_375' title='bbox 1763 1701 1866 1750; x_wconf 88' lang='lat' dir='ltr'>Sed</span> <span class='ocrx_word' id='word_1_376' title='bbox 1906 1706 2084 1750; x_wconf 86' lang='lat' dir='ltr'>tantus</span> <span class='ocrx_word' id='word_1_377' title='bbox 2121 1699 2210 1748; x_wconf 84' lang='lat' dir='ltr'>ille</span> <span class='ocrx_word' id='word_1_378' title='bbox 2251 1699 2396 1748; x_wconf 87' lang='lat' dir='ltr'>calor</span> <span class='ocrx_word' id='word_1_379' title='bbox 2430 1703 2486 1747; x_wconf 87' lang='lat' dir='ltr'>et</span> <span class='ocrx_word' id='word_1_380' title='bbox 2521 1697 2694 1745; x_wconf 89' lang='lat' dir='ltr'>lumen</span> <span class='ocrx_word' id='word_1_381' title='bbox 2729 1707 2823 1758; x_wconf 86' lang='lat' dir='ltr'>per</span> 
     </span>
     <span class='ocr_line' id='line_1_69' title="bbox 1764 1770 2826 1839; baseline -0.005 -15"><span class='ocrx_word' id='word_1_382' title='bbox 1764 1777 2079 1837; x_wconf 82' lang='lat' dir='ltr'>universum,</span> <span class='ocrx_word' id='word_1_383' title='bbox 2100 1788 2302 1839; x_wconf 81' lang='lat' dir='ltr'>quaqua</span> <span class='ocrx_word' id='word_1_384' title='bbox 2320 1779 2488 1837; x_wconf 86' lang='lat' dir='ltr'>patet,</span> <span class='ocrx_word' id='word_1_385' title='bbox 2507 1772 2706 1821; x_wconf 83' lang='lat' dir='ltr'>aetbera</span> <span class='ocrx_word' id='word_1_386' title='bbox 2727 1770 2826 1820; x_wconf 81' lang='lat' dir='ltr'>dif-</span> 
     </span>
     <span class='ocr_line' id='line_1_70' title="bbox 1765 1849 2824 1915; baseline -0.003 -13"><span class='ocrx_word' id='word_1_387' title='bbox 1765 1851 1932 1902; x_wconf 82' lang='lat' dir='ltr'>fusum</span> <span class='ocrx_word' id='word_1_388' title='bbox 1956 1867 1986 1902; x_wconf 87' lang='lat' dir='ltr'>e</span> <span class='ocrx_word' id='word_1_389' title='bbox 2006 1854 2209 1902; x_wconf 88' lang='lat' dir='ltr'>tantulo</span> <span class='ocrx_word' id='word_1_390' title='bbox 2243 1857 2302 1900; x_wconf 86' lang='lat' dir='ltr'>et·</span> <span class='ocrx_word' id='word_1_391' title='bbox 2326 1849 2471 1915; x_wconf 88' lang='lat' dir='ltr'>quasi</span> <span class='ocrx_word' id='word_1_392' title='bbox 2509 1850 2684 1913; x_wconf 83' lang='lat' dir='ltr'>pedali</span> <span class='ocrx_word' id='word_1_393' title='bbox 2715 1851 2824 1899; x_wconf 88' lang='lat' dir='ltr'>sole</span> 
     </span>
     <span class='ocr_line' id='line_1_71' title="bbox 1765 1925 2824 1990; baseline -0.003 -13"><span class='ocrx_word' id='word_1_394' title='bbox 1765 1942 2006 1977; x_wconf 87' lang='lat' dir='ltr'>emanare</span> <span class='ocrx_word' id='word_1_395' title='bbox 2042 1927 2132 1976; x_wconf 83' lang='lat' dir='ltr'>vix</span> <span class='ocrx_word' id='word_1_396' title='bbox 2172 1940 2326 1990; x_wconf 88' lang='lat' dir='ltr'>posse</span> <span class='ocrx_word' id='word_1_397' title='bbox 2363 1925 2618 1975; x_wconf 85' lang='lat' dir='ltr'>videatur.</span> <span class='ocrx_word' id='word_1_398' title='bbox 2684 1925 2824 1974; x_wconf 88' lang='lat' dir='ltr'>Huic</span> 
     </span>
     <span class='ocr_line' id='line_1_72' title="bbox 1765 2000 2827 2065; baseline -0.002 -13"><span class='ocrx_word' id='word_1_399' title='bbox 1765 2001 2062 2052; x_wconf 82' lang='lat' dir='ltr'>difficultati</span> <span class='ocrx_word' id='word_1_400' title='bbox 2085 2008 2146 2052; x_wconf 90' lang='lat' dir='ltr'>ut</span> <span class='ocrx_word' id='word_1_401' title='bbox 2176 2002 2300 2050; x_wconf 84' lang='lat' dir='ltr'>satis</span> <span class='ocrx_word' id='word_1_402' title='bbox 2339 2000 2503 2051; x_wconf 82' lang='lat' dir='ltr'>faciat</span> <span class='ocrx_word' id='word_1_403' title='bbox 2534 2001 2827 2065; x_wconf 73' lang='lat' dir='ltr'>Lueretius,</span> 
     </span>
     <span class='ocr_line' id='line_1_73' title="bbox 1765 2077 2824 2140; baseline -0.003 -10"><span class='ocrx_word' id='word_1_404' title='bbox 1765 2080 1923 2130; x_wconf 86' lang='lat' dir='ltr'>docet</span> <span class='ocrx_word' id='word_1_405' title='bbox 1959 2095 2064 2130; x_wconf 83' lang='lat' dir='ltr'>vss.</span> <span class='ocrx_word' id='word_1_406' title='bbox 2102 2083 2184 2128; x_wconf 90' lang='lat'>11.</span> <span class='ocrx_word' id='word_1_407' title='bbox 2224 2079 2384 2128; x_wconf 88' lang='lat' dir='ltr'>solem</span> <span class='ocrx_word' id='word_1_408' title='bbox 2419 2077 2631 2140; x_wconf 89' lang='lat' dir='ltr'>concipi</span> <span class='ocrx_word' id='word_1_409' title='bbox 2669 2091 2824 2139; x_wconf 86' lang='lat' dir='ltr'>posse</span> 
     </span>
     <span class='ocr_line' id='line_1_74' title="bbox 1766 2152 2828 2218; baseline -0.003 -13"><span class='ocrx_word' id='word_1_410' title='bbox 1766 2163 1825 2206; x_wconf 89' lang='lat' dir='ltr'>ut</span> <span class='ocrx_word' id='word_1_411' title='bbox 1843 2155 2040 2205; x_wconf 74' lang='lat' dir='ltr'>fontem</span> <span class='ocrx_word' id='word_1_412' title='bbox 2074 2169 2353 2218; x_wconf 84' lang='lat' dir='ltr'>perennem</span> <span class='ocrx_word' id='word_1_413' title='bbox 2385 2152 2517 2201; x_wconf 85' lang='lat' dir='ltr'>lucis</span> <span class='ocrx_word' id='word_1_414' title='bbox 2541 2158 2596 2201; x_wconf 87' lang='lat' dir='ltr'>et</span> <span class='ocrx_word' id='word_1_415' title='bbox 2621 2153 2828 2216; x_wconf 78' lang='lat' dir='ltr'>caloris,</span> 
     </span>
     <span class='ocr_line' id='line_1_75' title="bbox 1766 2227 2828 2295; baseline -0.003 -15"><span class='ocrx_word' id='word_1_416' title='bbox 1766 2232 1904 2295; x_wconf 86' lang='lat' dir='ltr'>quod</span> <span class='ocrx_word' id='word_1_417' title='bbox 1929 2232 1979 2279; x_wconf 93' lang='lat' dir='ltr'>in</span> <span class='ocrx_word' id='word_1_418' title='bbox 2003 2231 2167 2295; x_wconf 87' lang='lat' dir='ltr'>ipsum</span> <span class='ocrx_word' id='word_1_419' title='bbox 2192 2244 2258 2279; x_wconf 84' lang='lat' dir='ltr'>ex</span> <span class='ocrx_word' id='word_1_420' title='bbox 2279 2235 2394 2278; x_wconf 88' lang='lat' dir='ltr'>toto</span> <span class='ocrx_word' id='word_1_421' title='bbox 2417 2227 2604 2277; x_wconf 88' lang='lat' dir='ltr'>mundo</span> <span class='ocrx_word' id='word_1_422' title='bbox 2627 2228 2828 2277; x_wconf 84' lang='lat' dir='ltr'>semina</span> 
     </span>
     <span class='ocr_line' id='line_1_76' title="bbox 1763 2303 2826 2366; baseline -0.001 -12"><span class='ocrx_word' id='word_1_423' title='bbox 1763 2307 1894 2356; x_wconf 84' lang='lat' dir='ltr'>lucis</span> <span class='ocrx_word' id='word_1_424' title='bbox 1916 2315 1969 2356; x_wconf 88' lang='lat' dir='ltr'>et</span> <span class='ocrx_word' id='word_1_425' title='bbox 1983 2307 2169 2355; x_wconf 88' lang='lat' dir='ltr'>caloris</span> <span class='ocrx_word' id='word_1_426' title='bbox 2191 2303 2476 2366; x_wconf 89' lang='lat' dir='ltr'>confluant,</span> <span class='ocrx_word' id='word_1_427' title='bbox 2495 2313 2740 2366; x_wconf 82' lang='lat' dir='ltr'>tanquam</span> <span class='ocrx_word' id='word_1_428' title='bbox 2761 2305 2826 2353; x_wconf 80' lang='lat' dir='ltr'>in</span> 
     </span>
     <span class='ocr_line' id='line_1_77' title="bbox 1764 2380 2828 2446; baseline -0.004 -14"><span class='ocrx_word' id='word_1_429' title='bbox 1764 2383 2150 2446; x_wconf 82' lang='lat' dir='ltr'>scaturiginem,</span> <span class='ocrx_word' id='word_1_430' title='bbox 2171 2383 2248 2431; x_wconf 86' lang='lat' dir='ltr'>ita</span> <span class='ocrx_word' id='word_1_431' title='bbox 2279 2389 2337 2431; x_wconf 88' lang='lat' dir='ltr'>ut</span> <span class='ocrx_word' id='word_1_432' title='bbox 2369 2395 2471 2430; x_wconf 89' lang='lat' dir='ltr'>non</span> <span class='ocrx_word' id='word_1_433' title='bbox 2496 2380 2643 2430; x_wconf 86' lang='lat' dir='ltr'>unius</span> <span class='ocrx_word' id='word_1_434' title='bbox 2681 2380 2828 2442; x_wconf 57' lang='lat' dir='ltr'>solis,</span> 
     </span>
     <span class='ocr_line' id='line_1_78' title="bbox 1767 2455 2826 2506; baseline -0.002 0"><span class='ocrx_word' id='word_1_435' title='bbox 1767 2458 1860 2506; x_wconf 87' lang='lat' dir='ltr'>sed</span> <span class='ocrx_word' id='word_1_436' title='bbox 1893 2459 2050 2506; x_wconf 85' lang='lat' dir='ltr'>totius</span> <span class='ocrx_word' id='word_1_437' title='bbox 2089 2457 2268 2506; x_wconf 83' lang='lat' dir='ltr'>mundi</span> <span class='ocrx_word' id='word_1_438' title='bbox 2300 2457 2474 2504; x_wconf 87' lang='lat' dir='ltr'>lumen</span> <span class='ocrx_word' id='word_1_439' title='bbox 2510 2460 2565 2504; x_wconf 86' lang='lat' dir='ltr'>et</span> <span class='ocrx_word' id='word_1_440' title='bbox 2599 2455 2826 2504; x_wconf 90' lang='lat' dir='ltr'>calorem</span> 
     </span>
     <span class='ocr_line' id='line_1_79' title="bbox 1767 2531 2826 2593; baseline -0.001 -11"><span class='ocrx_word' id='word_1_441' title='bbox 1767 2534 2065 2583; x_wconf 81' lang='lat' dir='ltr'>sentiamus.</span> <span class='ocrx_word' id='word_1_442' title='bbox 2111 2532 2321 2582; x_wconf 87' lang='lat' dir='ltr'>Deinde</span> <span class='ocrx_word' id='word_1_443' title='bbox 2342 2531 2604 2593; x_wconf 77' lang='lat' dir='ltr'>subJungit</span> <span class='ocrx_word' id='word_1_444' title='bbox 2621 2545 2718 2580; x_wconf 83' lang='lat' dir='ltr'>vss.</span> <span class='ocrx_word' id='word_1_445' title='bbox 2743 2535 2826 2581; x_wconf 88' lang='grc'>10.</span> 
     </span>
     <span class='ocr_line' id='line_1_80' title="bbox 1765 2604 2828 2658; baseline 0 -2"><span class='ocrx_word' id='word_1_446' title='bbox 1765 2607 1904 2658; x_wconf 82' lang='lat' dir='ltr'>forte</span> <span class='ocrx_word' id='word_1_447' title='bbox 1928 2607 2101 2658; x_wconf 70' lang='lat' dir='ltr'>aiii-em</span> <span class='ocrx_word' id='word_1_448' title='bbox 2134 2607 2361 2658; x_wconf 86' lang='lat' dir='ltr'>vicinum</span> <span class='ocrx_word' id='word_1_449' title='bbox 2401 2606 2498 2655; x_wconf 89' lang='lat' dir='ltr'>soli</span> <span class='ocrx_word' id='word_1_450' title='bbox 2531 2604 2596 2654; x_wconf 91' lang='lat' dir='ltr'>ab</span> <span class='ocrx_word' id='word_1_451' title='bbox 2629 2606 2721 2654; x_wconf 89' lang='lat' dir='ltr'>illo</span> <span class='ocrx_word' id='word_1_452' title='bbox 2744 2621 2828 2656; x_wconf 86' lang='lat' dir='ltr'>ac-</span> 
     </span>
     <span class='ocr_line' id='line_1_81' title="bbox 1767 2682 2826 2748; baseline -0.002 -16"><span class='ocrx_word' id='word_1_453' title='bbox 1767 2685 1940 2743; x_wconf 85' lang='lat' dir='ltr'>cendi,</span> <span class='ocrx_word' id='word_1_454' title='bbox 1981 2686 2274 2748; x_wconf 84' lang='lat' dir='ltr'>mnltasque</span> <span class='ocrx_word' id='word_1_455' title='bbox 2316 2682 2492 2746; x_wconf 78' lang='lat' dir='ltr'>igneas</span> <span class='ocrx_word' id='word_1_456' title='bbox 2544 2683 2826 2746; x_wconf 78' lang='lat' dir='ltr'>particulas</span> 
     </span>
     <span class='ocr_line' id='line_1_82' title="bbox 1765 2759 2829 2825; baseline -0.001 -17"><span class='ocrx_word' id='word_1_457' title='bbox 1765 2761 1916 2810; x_wconf 88' lang='lat' dir='ltr'>nobis</span> <span class='ocrx_word' id='word_1_458' title='bbox 1939 2761 2150 2825; x_wconf 89' lang='lat' dir='ltr'>quidem</span> <span class='ocrx_word' id='word_1_459' title='bbox 2187 2759 2550 2822; x_wconf 82' lang='lat' dir='ltr'>inconspicuas</span> <span class='ocrx_word' id='word_1_460' title='bbox 2583 2759 2723 2809; x_wconf 85' lang='lat' dir='ltr'>circa</span> <span class='ocrx_word' id='word_1_461' title='bbox 2747 2772 2829 2808; x_wconf 85' lang='lat' dir='ltr'>so·</span> 
     </span>
     <span class='ocr_line' id='line_1_83' title="bbox 1766 2834 2826 2899; baseline -0.004 -13"><span class='ocrx_word' id='word_1_462' title='bbox 1766 2838 1867 2886; x_wconf 88' lang='lat' dir='ltr'>lem</span> <span class='ocrx_word' id='word_1_463' title='bbox 1887 2851 2019 2899; x_wconf 86' lang='lat' dir='ltr'>esse,</span> <span class='ocrx_word' id='word_1_464' title='bbox 2041 2842 2095 2883; x_wconf 90' lang='lat' dir='ltr'>et</span> <span class='ocrx_word' id='word_1_465' title='bbox 2115 2835 2239 2883; x_wconf 88' lang='lat' dir='ltr'>inde</span> <span class='ocrx_word' id='word_1_466' title='bbox 2262 2840 2436 2884; x_wconf 77' lang='lat' dir='ltr'>tantus</span> <span class='ocrx_word' id='word_1_467' title='bbox 2453 2835 2615 2896; x_wconf 83' lang='lat' dir='ltr'>calor,</span> <span class='ocrx_word' id='word_1_468' title='bbox 2630 2834 2826 2884; x_wconf 83' lang='lat' dir='ltr'>lumen·</span> 
     </span>
     <span class='ocr_line' id='line_1_84' title="bbox 1769 2909 2825 2976; baseline 0 -16"><span class='ocrx_word' id='word_1_469' title='bbox 1769 2927 1870 2976; x_wconf 88' lang='lat' dir='ltr'>que</span> <span class='ocrx_word' id='word_1_470' title='bbox 1912 2919 2017 2962; x_wconf 89' lang='lat' dir='ltr'>tam</span> <span class='ocrx_word' id='word_1_471' title='bbox 2069 2911 2223 2974; x_wconf 88' lang='lat' dir='ltr'>longe</span> <span class='ocrx_word' id='word_1_472' title='bbox 2273 2917 2330 2960; x_wconf 91' lang='lat' dir='ltr'>et</span> <span class='ocrx_word' id='word_1_473' title='bbox 2379 2912 2514 2960; x_wconf 86' lang='lat' dir='ltr'>late·</span> <span class='ocrx_word' id='word_1_474' title='bbox 2541 2909 2825 2973; x_wconf 81' lang='lat' dir='ltr'>profusum.</span> 
     </span>
     <span class='ocr_line' id='line_1_85' title="bbox 1772 2989 2758 3038; baseline -0.003 -2"><span class='ocrx_word' id='word_1_475' title='bbox 1772 2989 1964 3038; x_wconf 74' lang='lat' dir='ltr'>Creeoh.</span> <span class='ocrx_word' id='word_1_476' title='bbox 2751 2999 2758 3009; x_wconf 75' lang='lat'><em>‘</em></span> 
     </span>
     <span class='ocr_line' id='line_1_86' title="bbox 1831 3061 2828 3124; baseline -0.005 -12"><span class='ocrx_word' id='word_1_477' title='bbox 1831 3068 1926 3112; x_wconf 80' lang='grc'>593</span> <span class='ocrx_word' id='word_1_478' title='bbox 1965 3061 2214 3124; x_wconf 70' lang='lat' dir='ltr'>Tantalus]</span> <span class='ocrx_word' id='word_1_479' title='bbox 2271 3061 2404 3110; x_wconf 85' lang='lat' dir='ltr'>Tam</span> <span class='ocrx_word' id='word_1_480' title='bbox 2449 3074 2666 3124; x_wconf 82' lang='lat' dir='ltr'>parvus:</span> <span class='ocrx_word' id='word_1_481' title='bbox 2722 3072 2828 3108; x_wconf 90' lang='lat' dir='ltr'>non</span> 
     </span>
     <span class='ocr_line' id='line_1_87' title="bbox 1768 3136 2826 3201; baseline -0.002 -15"><span class='ocrx_word' id='word_1_482' title='bbox 1768 3138 1948 3201; x_wconf 84' lang='lat' dir='ltr'>major,</span> <span class='ocrx_word' id='word_1_483' title='bbox 1971 3151 2120 3200; x_wconf 88' lang='lat' dir='ltr'>quam</span> <span class='ocrx_word' id='word_1_484' title='bbox 2148 3136 2375 3197; x_wconf 82' lang='lat' dir='ltr'>videtur,</span> <span class='ocrx_word' id='word_1_485' title='bbox 2398 3142 2491 3185; x_wconf 87' lang='lat' dir='ltr'>aut</span> <span class='ocrx_word' id='word_1_486' title='bbox 2511 3149 2616 3183; x_wconf 90' lang='lat' dir='ltr'>non</span> <span class='ocrx_word' id='word_1_487' title='bbox 2639 3136 2826 3198; x_wconf 88' lang='lat' dir='ltr'>multo,</span> 
     </span>
     <span class='ocr_line' id='line_1_88' title="bbox 1768 3211 2828 3273; baseline 0 -13"><span class='ocrx_word' id='word_1_488' title='bbox 1768 3211 1988 3262; x_wconf 85' lang='lat' dir='ltr'>fortasse</span> <span class='ocrx_word' id='word_1_489' title='bbox 2020 3213 2176 3261; x_wconf 89' lang='lat' dir='ltr'>etiam</span> <span class='ocrx_word' id='word_1_490' title='bbox 2211 3212 2396 3272; x_wconf 89' lang='lat' dir='ltr'>minor,</span> <span class='ocrx_word' id='word_1_491' title='bbox 2427 3216 2487 3260; x_wconf 92' lang='lat' dir='ltr'>ut</span> <span class='ocrx_word' id='word_1_492' title='bbox 2509 3211 2682 3273; x_wconf 90' lang='lat' dir='ltr'>paullo</span> <span class='ocrx_word' id='word_1_493' title='bbox 2703 3217 2828 3260; x_wconf 83' lang='lat' dir='ltr'>ante</span> 
     </span>
     <span class='ocr_line' id='line_1_89' title="bbox 1769 3284 2827 3349; baseline -0.001 -16"><span class='ocrx_word' id='word_1_494' title='bbox 1769 3286 1964 3336; x_wconf 90' lang='lat' dir='ltr'>dictum</span> <span class='ocrx_word' id='word_1_495' title='bbox 2000 3293 2100 3349; x_wconf 85' lang='lat' dir='ltr'>est,</span> <span class='ocrx_word' id='word_1_496' title='bbox 2123 3293 2179 3334; x_wconf 84' lang='lat' dir='ltr'>et</span> <span class='ocrx_word' id='word_1_497' title='bbox 2213 3293 2272 3335; x_wconf 89' lang='lat' dir='ltr'>ut</span> <span class='ocrx_word' id='word_1_498' title='bbox 2305 3284 2512 3334; x_wconf 83' lang='lat' dir='ltr'>volebat</span> <span class='ocrx_word' id='word_1_499' title='bbox 2547 3284 2827 3348; x_wconf 85' lang='lat' dir='ltr'>Epicurus.</span> 
     </span>
     <span class='ocr_line' id='line_1_90' title="bbox 1771 3359 2827 3422; baseline -0.004 -10"><span class='ocrx_word' id='word_1_500' title='bbox 1771 3362 1787 3389; x_wconf 91' lang='lat'>‘</span> <span class='ocrx_word' id='word_1_501' title='bbox 1813 3363 2045 3412; x_wconf 85' lang='lat' dir='ltr'>tantulus</span> <span class='ocrx_word' id='word_1_502' title='bbox 2063 3361 2076 3384; x_wconf 88' lang='lat'>’</span> <span class='ocrx_word' id='word_1_503' title='bbox 2099 3366 2274 3410; x_wconf 87' lang='lat' dir='ltr'>autem</span> <span class='ocrx_word' id='word_1_504' title='bbox 2299 3361 2316 3389; x_wconf 89' lang='lat'>‘</span> <span class='ocrx_word' id='word_1_505' title='bbox 2336 3359 2450 3422; x_wconf 87' lang='lat' dir='ltr'>sol,’</span> <span class='ocrx_word' id='word_1_506' title='bbox 2468 3362 2484 3388; x_wconf 89' lang='lat'>‘</span> <span class='ocrx_word' id='word_1_507' title='bbox 2509 3367 2710 3408; x_wconf 86' lang='lat' dir='ltr'>tantum</span> <span class='ocrx_word' id='word_1_508' title='bbox 2750 3361 2827 3408; x_wconf 85' lang='lat' dir='ltr'>lu-</span> 
     </span>
     <span class='ocr_line' id='line_1_91' title="bbox 1769 3437 2795 3499; baseline -0.001 -13"><span class='ocrx_word' id='word_1_509' title='bbox 1769 3439 1922 3499; x_wconf 87' lang='lat' dir='ltr'>men,&#39;</span> <span class='ocrx_word' id='word_1_510' title='bbox 1943 3437 2186 3487; x_wconf 70' lang='grc' dir='ltr'>ἀντίθεσις.</span> <span class='ocrx_word' id='word_1_511' title='bbox 2251 3437 2418 3486; x_wconf 78' lang='lat' dir='ltr'>Lomb.</span> <span class='ocrx_word' id='word_1_512' title='bbox 2789 3451 2795 3458; x_wconf 92' lang='lat'><strong>·</strong></span> 
     </span>
     <span class='ocr_line' id='line_1_92' title="bbox 1832 3512 2828 3577; baseline -0.004 -13"><span class='ocrx_word' id='word_1_513' title='bbox 1832 3520 1930 3564; x_wconf 87' lang='grc'><strong>596</strong></span> <span class='ocrx_word' id='word_1_514' title='bbox 1964 3517 2096 3564; x_wconf 84' lang='lat' dir='ltr'>Nam</span> <span class='ocrx_word' id='word_1_515' title='bbox 2147 3516 2258 3564; x_wconf 80' lang='lat' dir='ltr'>licet</span> <span class='ocrx_word' id='word_1_516' title='bbox 2296 3513 2428 3577; x_wconf 78' lang='lat' dir='ltr'>hinc]</span> <span class='ocrx_word' id='word_1_517' title='bbox 2460 3512 2597 3560; x_wconf 83' lang='lat' dir='ltr'>Fieri</span> <span class='ocrx_word' id='word_1_518' title='bbox 2649 3515 2828 3576; x_wconf 83' lang='lat' dir='ltr'>potest</span> 
     </span>
     <span class='ocr_line' id='line_1_93' title="bbox 1767 3587 2828 3654; baseline -0.002 -17"><span class='ocrx_word' id='word_1_519' title='bbox 1767 3589 1988 3654; x_wconf 88' lang='lat' dir='ltr'>(inquit)</span> <span class='ocrx_word' id='word_1_520' title='bbox 2019 3598 2078 3640; x_wconf 84' lang='lat' dir='ltr'>ut</span> <span class='ocrx_word' id='word_1_521' title='bbox 2120 3591 2196 3639; x_wconf 87' lang='lat' dir='ltr'>sol</span> <span class='ocrx_word' id='word_1_522' title='bbox 2230 3589 2301 3637; x_wconf 88' lang='lat' dir='ltr'>sit</span> <span class='ocrx_word' id='word_1_523' title='bbox 2333 3587 2447 3636; x_wconf 84' lang='lat' dir='ltr'>fons</span> <span class='ocrx_word' id='word_1_524' title='bbox 2483 3587 2688 3652; x_wconf 85' lang='lat' dir='ltr'>quidam</span> <span class='ocrx_word' id='word_1_525' title='bbox 2720 3603 2828 3637; x_wconf 86' lang='lat' dir='ltr'>orn·</span> 
     </span>
     <span class='ocr_line' id='line_1_94' title="bbox 1767 3662 2828 3728; baseline -0.003 -14"><span class='ocrx_word' id='word_1_526' title='bbox 1767 3667 1908 3714; x_wconf 84' lang='lat' dir='ltr'>nium</span> <span class='ocrx_word' id='word_1_527' title='bbox 1944 3667 2136 3728; x_wconf 82' lang='lat' dir='ltr'>ignium</span> <span class='ocrx_word' id='word_1_528' title='bbox 2171 3679 2232 3714; x_wconf 82' lang='lat' dir='ltr'>ac</span> <span class='ocrx_word' id='word_1_529' title='bbox 2263 3665 2543 3713; x_wconf 62' lang='lat' dir='ltr'>luminum:</span> <span class='ocrx_word' id='word_1_530' title='bbox 2581 3662 2645 3712; x_wconf 83' lang='lat' dir='ltr'>ad</span> <span class='ocrx_word' id='word_1_531' title='bbox 2671 3677 2828 3726; x_wconf 86' lang='lat' dir='ltr'>quem</span> 
     </span>
     <span class='ocr_line' id='line_1_95' title="bbox 1768 3739 2827 3803; baseline -0.003 -14"><span class='ocrx_word' id='word_1_532' title='bbox 1768 3739 2035 3790; x_wconf 84' lang='lat' dir='ltr'>confluant</span> <span class='ocrx_word' id='word_1_533' title='bbox 2056 3754 2232 3790; x_wconf 87' lang='lat' dir='ltr'>omnes</span> <span class='ocrx_word' id='word_1_534' title='bbox 2267 3741 2432 3803; x_wconf 70' lang='lat' dir='ltr'>igneS,</span> <span class='ocrx_word' id='word_1_535' title='bbox 2453 3741 2727 3803; x_wconf 83' lang='lat' dir='ltr'>omniaque</span> <span class='ocrx_word' id='word_1_536' title='bbox 2751 3741 2827 3786; x_wconf 91' lang='lat' dir='ltr'>lu-</span> 
     </span>
     <span class='ocr_line' id='line_1_96' title="bbox 1765 3815 2826 3877; baseline -0.002 -14"><span class='ocrx_word' id='word_1_537' title='bbox 1765 3817 1943 3864; x_wconf 70' lang='lat' dir='ltr'>mina:</span> <span class='ocrx_word' id='word_1_538' title='bbox 1979 3823 2034 3865; x_wconf 88' lang='lat' dir='ltr'>et</span> <span class='ocrx_word' id='word_1_539' title='bbox 2072 3815 2210 3864; x_wconf 88' lang='lat' dir='ltr'>unde</span> <span class='ocrx_word' id='word_1_540' title='bbox 2243 3822 2442 3865; x_wconf 86' lang='lat' dir='ltr'>tantum</span> <span class='ocrx_word' id='word_1_541' title='bbox 2479 3815 2826 3877; x_wconf 83' lang='lat' dir='ltr'>lumen,&#39;tan-</span> 
     </span>
     <span class='ocr_line' id='line_1_97' title="bbox 1767 3889 2826 3955; baseline -0.002 -17"><span class='ocrx_word' id='word_1_542' title='bbox 1767 3897 1947 3955; x_wconf 76' lang='lat' dir='ltr'>tueque</span> <span class='ocrx_word' id='word_1_543' title='bbox 1971 3891 2113 3940; x_wconf 82' lang='lat' dir='ltr'>calor</span> <span class='ocrx_word' id='word_1_544' title='bbox 2137 3897 2401 3952; x_wconf 88' lang='lat' dir='ltr'>emanent,</span> <span class='ocrx_word' id='word_1_545' title='bbox 2423 3905 2539 3954; x_wconf 81' lang='lat' dir='ltr'>quse</span> <span class='ocrx_word' id='word_1_546' title='bbox 2557 3889 2724 3938; x_wconf 83' lang='lat' dir='ltr'>totum</span> <span class='ocrx_word' id='word_1_547' title='bbox 2745 3903 2826 3938; x_wconf 88' lang='lat' dir='ltr'>or·</span> 
     </span>
    </p>
   </div>
   <div class='ocr_carea' id='block_1_8' title="bbox 1765 3964 2826 4103">
    <p class='ocr_par' dir='ltr' id='par_1_12' title="bbox 1765 3964 2826 4103">
     <span class='ocr_line' id='line_1_98' title="bbox 1765 3964 2822 4028; baseline -0.001 -14"><span class='ocrx_word' id='word_1_548' title='bbox 1765 3965 1883 4014; x_wconf 87' lang='lat' dir='ltr'>bem</span> <span class='ocrx_word' id='word_1_549' title='bbox 1906 3971 2157 4013; x_wconf 85' lang='lat' dir='ltr'>terrarum</span> <span class='ocrx_word' id='word_1_550' title='bbox 2181 3967 2494 4028; x_wconf 84' lang='lat' dir='ltr'>compleant.</span> <span class='ocrx_word' id='word_1_551' title='bbox 2557 3964 2727 4014; x_wconf 78' lang='lat' dir='ltr'>Lamb.</span> <span class='ocrx_word' id='word_1_552' title='bbox 2811 3985 2822 3992; x_wconf 91' lang='lat'><strong>·</strong></span> 
     </span>
     <span class='ocr_line' id='line_1_99' title="bbox 1791 4039 2826 4103; baseline 0.001 -17"><span class='ocrx_word' id='word_1_553' title='bbox 1791 4067 1793 4074; x_wconf 90' lang='lat'>·</span> <span class='ocrx_word' id='word_1_554' title='bbox 1830 4043 1925 4086; x_wconf 78' lang='grc'>597</span> <span class='ocrx_word' id='word_1_555' title='bbox 1965 4039 2486 4103; x_wconf 67' lang='lat' dir='ltr'>Largifluumfontem]</span> <span class='ocrx_word' id='word_1_556' title='bbox 2517 4039 2646 4086; x_wconf 85' lang='lat' dir='ltr'>Vult</span> <span class='ocrx_word' id='word_1_557' title='bbox 2665 4039 2826 4087; x_wconf 86' lang='lat' dir='ltr'>solem</span> 
     </span>
    </p>
   </div>
   <div class='ocr_carea' id='block_1_9' title="bbox 1677 4113 2826 4178">
    <p class='ocr_par' dir='ltr' id='par_1_13' title="bbox 1677 4113 2826 4178">
     <span class='ocr_line' id='line_1_100' title="bbox 1677 4113 2826 4178; baseline -0.002 -16"><span class='ocrx_word' id='word_1_558' title='bbox 1677 4157 1680 4162; x_wconf 93' lang='lat'>.</span> <span class='ocrx_word' id='word_1_559' title='bbox 1767 4129 1880 4164; x_wconf 87' lang='lat' dir='ltr'>esse</span> <span class='ocrx_word' id='word_1_560' title='bbox 1901 4113 2098 4164; x_wconf 86' lang='lat' dir='ltr'>fontem</span> <span class='ocrx_word' id='word_1_561' title='bbox 2136 4114 2390 4178; x_wconf 83' lang='lat' dir='ltr'>quendam</span> <span class='ocrx_word' id='word_1_562' title='bbox 2427 4115 2652 4163; x_wconf 86' lang='lat' dir='ltr'>omn-ium</span> <span class='ocrx_word' id='word_1_563' title='bbox 2675 4113 2826 4162; x_wconf 82' lang='lat' dir='ltr'>lumi-&#39;-</span> 
     </span>
    </p>
   </div>
   <div class='ocr_carea' id='block_1_10' title="bbox 1766 4175 2870 4328">
    <p class='ocr_par' dir='ltr' id='par_1_14' title="bbox 1766 4175 2870 4328">
     <span class='ocr_line' id='line_1_101' title="bbox 1766 4175 2870 4260; baseline -0.003 -21"><span class='ocrx_word' id='word_1_564' title='bbox 1766 4204 1905 4253; x_wconf 88' lang='lat' dir='ltr'>num,</span> <span class='ocrx_word' id='word_1_565' title='bbox 1930 4188 2357 4254; x_wconf 87' lang='lat' dir='ltr'>quemadmodum</span> <span class='ocrx_word' id='word_1_566' title='bbox 2383 4187 2554 4238; x_wconf 82' lang='lat' dir='ltr'>fontes</span> <span class='ocrx_word' id='word_1_567' title='bbox 2579 4201 2828 4260; x_wconf 76' lang='lat' dir='ltr'>aquarum</span> <span class='ocrx_word' id='word_1_568' title='bbox 2853 4175 2870 4188; x_wconf 66' lang='lat'><strong><em>⁹</em></strong></span> 
     </span>
     <span class='ocr_line' id='line_1_102' title="bbox 1766 4263 2826 4328; baseline -0.002 -16"><span class='ocrx_word' id='word_1_569' title='bbox 1766 4264 2010 4314; x_wconf 90' lang='lat' dir='ltr'>dicuntur</span> <span class='ocrx_word' id='word_1_570' title='bbox 2059 4263 2294 4328; x_wconf 71' lang='lat' dir='ltr'>proprie,</span> <span class='ocrx_word' id='word_1_571' title='bbox 2323 4263 2462 4312; x_wconf 88' lang='lat' dir='ltr'>unde</span> <span class='ocrx_word' id='word_1_572' title='bbox 2517 4269 2574 4311; x_wconf 90' lang='lat' dir='ltr'>et</span> <span class='ocrx_word' id='word_1_573' title='bbox 2618 4268 2826 4312; x_wconf 83' lang='lat' dir='ltr'>scatent</span> 
     </span>
    </p>
   </div>
   <div class='ocr_carea' id='block_1_11' title="bbox 3126 1855 3144 4927">
    <p class='ocr_par' dir='ltr' id='par_1_15' title="bbox 3126 1855 3144 4927">
     <span class='ocr_line' id='line_1_103' title="bbox 3126 1855 3144 4927; baseline 0 0"><span class='ocrx_word' id='word_1_574' title='bbox 3126 1855 3144 4927; x_wconf 95' lang='lat' dir='ltr'> </span> 
     </span>
    </p>
   </div>
  </div>
 </body>
</html>
