3200 4959
600 417 773 484 1726
1289 432 1598 481 Νοτιτιᾼ
1651 428 2076 501 munaum

602 582 715 643 sibi
740 582 851 661 ipsi
880 600 1085 641 manus
1108 580 1374 640 attulerit
1400 580 1720 639 incertum:
1768 577 1982 636 interiit
2009 594 2164 636 anno
2199 573 2390 633 aetatis
2433 593 2554 633 suae
2583 580 2691 633 43.
2742 578 2802 630 et

602 679 995 748 miserrimam,
1026 697 1199 755 quam
1227 677 1367 736 olim
1398 676 1656 736 ludibrio
1685 674 1996 745 habuerat,
2027 673 2194 732 nimis
2227 672 2349 730 cito
2388 678 2667 747 expertus
2711 677 2804 726 est

604 774 1137 835 immortalitatem.’
1208 774 1353 832 Haec
1378 773 1594 832 Thom.
1624 772 1867 831 Creeclr.

1230 920 1410 979 Libri
1443 920 1554 980 Sex
1582 919 1653 979 de
1686 919 1907 978 Rerum
1938 918 2193 976 Natura.

690 1034 907 1093 Extant
942 1034 1073 1111 ejus
1104 1033 1264 1091 Libri
1294 1050 1387 1093 VI.
1432 1033 1506 1091 de
1536 1034 1755 1091 Rerum
1783 1032 2040 1101 Natura,
2081 1028 2156 1087 ad
2191 1028 2266 1095 C.
2304 1024 2644 1087 Memmium
2687 1022 2813 1081 Ge-

606 1130 847 1188 mellum
875 1128 892 1161 ¹
923 1128 1175 1188 Hernico
1218 1135 1510 1205 poemate,
1556 1127 1822 1187 versibus
1860 1123 2136 1202 jucundo
2179 1120 2547 1203 antiquitatis
2592 1138 2808 1198 sapore

610 1224 885 1297 conditis,
917 1224 1155 1301 Epicuri
1182 1223 1257 1282 de
1303 1224 1475 1283 rebus
1521 1222 1886 1281 naturalibus
1935 1218 2300 1291 sententiam,
2342 1217 2443 1277 sed
2484 1226 2546 1275 et
2595 1216 2811 1295 impios

608 1320 739 1395 ejus
766 1339 987 1379 errores
1011 1316 1389 1378 disertissime
1418 1317 1802 1395 explicantes.
1842 1316 1980 1374 Non
2005 1316 2202 1392 plures
2221 1335 2259 1374 a
2280 1315 2560 1373 Lucretio
2581 1314 2764 1372 libros
2787 1312 2816 1339 ²

613 1416 792 1491 hujus
842 1414 1161 1493 argumenti
1216 1413 1471 1491 scriptos
1534 1430 1678 1481 esse,
1747 1418 1812 1471 ut
1867 1412 2018 1471 male
2082 1410 2444 1487 conjiciebat
2504 1412 2560 1469 G
2569 1408 2813 1487 yraldus

610 1512 846 1591 Dialog.
879 1527 971 1569 lv.
1015 1510 1091 1568 de
1122 1510 1332 1587 poetis,
1361 1511 1539 1569 Tom.
1572 1525 1652 1567 11.
1683 1508 1848 1585 Opp.
1877 1526 2015 1585 pag.
2053 1515 2193 1577 197.
2232 1516 2473 1566 secutus
2501 1507 2819 1585 Philippus

610 1606 930 1666 Beroaldus
959 1617 1020 1667 et
1047 1606 1323 1665 Barthius
1355 1622 1475 1665 1211.
1506 1614 1565 1663 4.
1598 1604 1849 1663 AdverS.
1881 1603 2158 1663 Lucretio
2189 1602 2302 1679 ipsi
2332 1604 2464 1661 testi
2499 1604 2817 1673 credimus,

614 1703 717 1780 qui
740 1702 888 1762 libro
909 1713 1076 1761 sexto
1104 1722 1188 1760 vs.
1218 1711 1319 1773 92.
1363 1708 1379 1735 ‘
1401 1719 1692 1778 supremae
1721 1702 2071 1778 praescripta
2091 1699 2166 1759 ad
2193 1700 2447 1761 candida
2467 1700 2652 1761 calcis
2681 1718 2823 1777 spa-

612 1797 775 1858 tium'
804 1816 1035 1857 currere
1063 1817 1124 1856 se
1151 1795 1418 1856 affirmat.
1462 1798 1784 1856 Exordium
1813 1800 2008 1874 operis
2036 1796 2194 1857 idem
2226 1816 2486 1876 quoque,
2517 1796 2682 1875 quod
2710 1814 2820 1855 nos

614 1894 808 1968 hodie,
838 1894 977 1971 legit
1006 1893 1145 1952 olim
1176 1893 1429 1953 Ovidius
1452 1892 1631 1953 Trist.
1664 1908 1744 1952 11.
1773 1892 1913 1953 261.

854 1990 1161 2058 Sumserit,
1192 1989 1513 2051 AEneadutn
1542 1987 1796 2066 genitrix
1840 1986 1944 2046 ubi
1991 1988 2217 2065 prima;
2262 1988 2535 2066 requiret,

936 2085 1262 2145 AEneadum
1300 2084 1542 2169 genitrix
1574 2083 1729 2144 unde
1757 2081 1832 2142 sit
1864 2085 2018 2143 alma
2048 2084 2269 2143 Venus.

618 2176 751 2239 Hoc
796 2190 907 2250 est,
955 2181 1003 2239 si
1046 2181 1102 2240 in
1149 2200 1355 2239 manus
1400 2180 1670 2239 sumserit
1718 2180 2078 2252 Lucretium,
2106 2178 2278 2255 cujus
2305 2179 2486 2255 prima
2523 2179 2655 2241 haec
2689 2188 2832 2238 sunt

618 2276 834 2334 verba:
866 2282 882 2309 ‘
904 2275 1226 2334 AEneadum
1256 2274 1523 2355 genitrix,
1573 2274 1875 2335 hominum
1906 2275 2240 2353 Divomque
2287 2276 2559 2352 voluptas
2580 2278 2617 2334 :'
2647 2295 2830 2354 quem

618 2368 821 2428 Ovidii
847 2390 1080 2429 sensum
1105 2392 1253 2441 esse,
1272 2372 1400 2449 jam
1432 2370 1659 2450 pridem
1705 2372 1934 2431 notavit
1977 2371 2315 2431 Ludovicus
2367 2371 2572 2430 Carrio
2618 2370 2721 2429 lib.
2769 2387 2832 2430 1.

620 2465 1105 2525 Emendationum
1138 2485 1271 2543 cap.
1308 2474 1364 2523 8.
1396 2465 1689 2525 Usitatum
1721 2468 1874 2526 enim
1905 2466 2082 2525 fuisse
2113 2466 2422 2537 veteribuS,
2471 2475 2539 2525 ut
2579 2466 2832 2525 vocibus

617 2559 931 2619 initialibus
952 2562 1169 2640 scripta
1193 2562 1323 2640 ipsa
1349 2560 1718 2629 denotarent,
1747 2561 2013 2640 pluribus
2035 2562 2322 2641 exemplis
2343 2560 2524 2621 docet
2545 2563 2644 2623 Jo.
2680 2563 2836 2647 19η-

621 2656 738 2714 sius
771 2671 850 2716 11.
883 2663 939 2715 5.
969 2657 1043 2715 de
1074 2656 1479 2735 Scriptoribus
1508 2659 1668 2719 Hist.
1700 2659 1922 2717 Philos.
1969 2677 2102 2735 pag.
2147 2654 2282 2719 136.
2323 2678 2414 2736 sq.
2460 2668 2520 2717 et
2567 2657 2837 2735 Scaliger

620 2738 694 2809 ad
725 2750 944 2813 Euseb.
974 2772 1137 2812 num.
1170 2770 1563 2815 Moccccnx.
1616 2753 1797 2823 Quod
1840 2774 1977 2813 vero
2021 2755 2083 2813 in
2122 2753 2316 2813 limine
2357 2755 2556 2831 operis
2593 2754 2842 2813 invocat

621 2848 907 2911 Venerem
938 2849 1266 2921 Lucretius,
1314 2852 1491 2908 bomo
1539 2851 1885 2927 Epicureus,
1937 2852 2036 2928 qui
2081 2870 2116 2909 a
2166 2850 2294 2908 Diis
2339 2850 2534 2908 omnia
2579 2850 2838 2908 humana

624 2964 837 3021 susque
881 2946 1073 3022 deque
1110 2947 1363 3024 putabat
1392 2946 1617 3020 haberi,
1653 2947 1792 3005 satis
1822 2968 1883 3006 se
1911 2946 2146 3007 duxisse
2173 2945 2592 3006 existimandus
2619 2955 2712 3005 est
2736 2967 2843 3005 ex·

624 3040 818 3100 cusari
857 3060 1019 3099 more
1059 3040 1297 3117 vulgato
1342 3048 1672 3119 poetarum,
1714 3062 1907 3119 neque
1949 3042 2062 3101 alia
2101 3060 2250 3121 opus
2283 3061 2409 3101 esse
2451 3041 2838 3119 responsione

532 3132 551 3151 ’
622 3136 882 3197 arbitror
907 3137 979 3194 ad
1008 3134 1439 3195 dubitationem
1479 3138 1634 3197 hanc
1685 3136 2146 3208 dissolvendam,
2192 3156 2370 3216 quam
2415 3137 2632 3196 multos
2679 3136 2841 3195 viros

624 3232 836 3293 doctos
863 3232 1191 3291 exercuisse
1241 3233 1438 3301 docet,
1482 3240 1706 3315 praeter
1745 3232 2092 3311 interpretes
2137 3231 2416 3305 Lucretii,
2461 3232 2837 3302 Creechium,

624 3327 912 3405 aliosque,
943 3324 1151 3386 Petrus
1180 3328 1418 3399 Bantius,
1451 3327 1536 3386 vir
1564 3327 2090 3405 ingeniosissimus,
2123 3330 2182 3388 in
2221 3329 2589 3389 Dictionario
2633 3328 2850 3388 Histo-'

624 3422 747 3481 rico
776 3442 909 3501 pag.
945 3432 1120 3493 1923.
1149 3422 1425 3483 editionis
1453 3422 1754 3497 secundae,
1785 3444 1959 3502 quem
1983 3424 2058 3482 de
2087 3431 2270 3503 poeta
2297 3425 2501 3495 lector,
2529 3425 2630 3483 ubi
2656 3425 2840 3499 volet,

626 3516 919 3576 consulet.
952 3518 1315 3588 Memmium,
1338 3518 1433 3576 cui
1448 3524 1659 3595 poema
1681 3538 1850 3577 suum
1873 3519 2179 3578 Lucretius
2200 3519 2518 3600 inscripsit,
2539 3520 2841 3597 scripsisse

627 3621 687 3668 et
714 3612 1157 3688 ipsum-versus,
1188 3612 1426 3689 colligas
1456 3630 1525 3670 ex
1555 3613 1729 3672 Plinii
1771 3614 1962 3691 Epist.
2013 3630 2070 3673 V.
2121 3624 2180 3675 3.
2222 3617 2486 3675 Eundem
2535 3618 2840 3689 Maecena-

629 3706 789 3764 tibus
817 3723 887 3762 ac
914 3706 1249 3765 liberalibus
1279 3706 1608 3766 studiorum
1641 3710 1904 3786 patronis
1932 3721 2203 3773 accenset
2237 3712 2520 3773 Martialis
2551 3729 2684 3774 ΧΠ.
2725 3710 2836 3775 36.

652 3930 660 3940 -.
698 3900 715 3927 ¹
752 3897 831 3947 De
848 3898 939 3947 hoc
961 3898 1249 3951 consulenda
1269 3900 1449 3951 Gifanii
1471 3904 1694 3967 prolego-
1773 3910 1906 3951 terrae
1933 3904 2185 3969 genitabile
2221 3920 2428 3969 quaerere
2475 3905 2690 3967 tempus!
2741 3906 2839 3954 Pro
2863 3920 2866 3925 ·

626 3979 767 4013 mena
787 3971 837 4011 et
852 3963 1085 4015 Lambini.
1772 3966 1991 4016 Lucretio
2024 3970 2260 4018 lucilium
2287 3970 2403 4033 legit
2425 3970 2658 4019 Gifanius.
2692 3970 2835 4018 Alius

695 4029 722 4056 ²
754 4027 903 4077 Aliud
924 4036 1051 4077 certe
1064 4044 1202 4091 opus,
1222 4027 1271 4076 ni
1288 4030 1531 4079 Lucretius
1548 4031 1688 4089 alius,
1770 4030 2014 4081 Lucretius
2035 4033 2315 4096 Episcopus,
2338 4035 2414 4082 cui
2437 4034 2648 4081 Feriolus
2666 4032 2828 4097 Regu·

626 4092 689 4141 de
732 4107 826 4155 quo
866 4092 1015 4141 Varro
1047 4093 1130 4141 lib.
1167 4109 1242 4144 ιν.
1277 4095 1337 4141 de
1390 4096 1445 4142 L
1482 4095 1588 4146 Lat.
1635 4111 1688 4159 p.
1768 4094 1861 4144 lam
1883 4096 2226 4147 Monachorum
2256 4098 2503 4161 inscripsit.
2555 4098 2682 4147 Vide
2715 4098 2833 4145 Me-

628 4160 679 4207 7..
728 4163 743 4183 ‘
766 4156 1011 4205 Lucretius
1042 4173 1229 4205 suorum
1259 4158 1399 4205 unius
1433 4166 1484 4207 et
1519 4158 1688 4223 viginti
1768 4160 1968 4211 nardum
2008 4162 2070 4211 nd
2114 4160 2406 4212 Comoediam
2443 4160 2734 4225 Regularum
2775 4177 2834 4229 p.

629 4220 849 4281 librorum
884 4221 1071 4271 initium
1107 4221 1222 4269 fecit
1258 4222 1349 4269 hoc
1384 4222 1595 4271 AEtlteris
1635 4230 1693 4276 et
1764 4226 1850 4273 9⁷.
