3200 4959
577 437 756 504 1606

579 603 667 646 tm·
699 597 829 646 banc
864 596 1202 660 posteriorem
1227 597 1538 661 scripturam
1559 609 1643 647 ass

579 687 714 735 sero,
751 673 1039 736 prasertim
1061 687 1176 723 curn
1199 687 1314 722 eam
1341 674 1394 722 in
1417 673 1644 723 secunda

575 751 686 812 jam
709 749 937 798 editione
971 747 1351 812 comprobarim
1393 763 1454 798 ac
1496 763 1645 798 secu·

585 833 670 874 tus
693 826 806 886 sim,
825 823 1210 876 Adr.annebo
1233 839 1460 886 suasore,
1483 832 1538 874 et
1555 826 1645 874 Se-

585 915 718 950 neca
737 907 976 962 auctore,
993 903 1079 966 qui
1100 902 1258 952 docet
1274 901 1364 952 lib.
1386 907 1464 952 19.
1477 901 1646 964 Epist.

587 980 700 1025 1⁰⁰.
724 976 866 1025 ‘eam
891 989 1042 1040 quam
1061 978 1266 1027 nuncin
1283 978 1437 1028 Circo
1455 984 1645 1027 metam

585 1053 768 1102 dicunt
789 1054 980 1115 Latini,
995 1056 1192 1105 calcem
1211 1055 1450 1119 antiquos
1468 1055 1647 1118 appel·

585 1130 742 1190 lasse,
755 1129 876 1194 qnia
893 1130 1094 1180 scilicet
1110 1129 1227 1179 finis
1243 1131 1487 1180 curriculi
1505 1146 1647 1194 saepe

589 1205 736 1254 calce
751 1206 1230 1256 notaretur.'Lamb.
1265 1206 1465 1256 Seneca
1479 1209 1649 1271 Epist.

589 1285 668 1330 19.
693 1279 849 1330 docet
887 1295 998 1330 eam
1039 1297 1192 1346 quam
1231 1297 1368 1333 nnnc
1407 1285 1459 1332 in
1495 1285 1649 1335 Circo

587 1358 604 1386 ⁶
625 1357 822 1406 Metam
839 1355 853 1378 '
902 1358 1083 1408 dicunt
1131 1360 1322 1419 Latini,
1369 1362 1385 1390 ‘
1407 1360 1648 1410 Calcem'

585 1436 827 1500 antiquos
872 1436 1182 1498 appellasse,
1229 1439 1352 1500 quia
1393 1437 1488 1487 viz.
1529 1435 1651 1485 finis

590 1512 833 1562 curriculi
855 1527 994 1574 saepe
1017 1514 1160 1564 calce
1182 1521 1470 1563 notaretur.
1510 1513 1650 1562 Hinc

591 1601 718 1636 vero
756 1587 880 1636 licet
918 1589 1162 1651 colligere
1201 1589 1492 1638 Lucretium
1528 1603 1651 1638 nnn·

591 1677 744 1725 quam
779 1664 954 1725 plures
991 1681 1139 1729 quam
1176 1679 1268 1714 sex
1301 1666 1457 1714 libros
1492 1664 1651 1714 fuisse

592 1737 920 1800 meditatum,
946 1739 1058 1800 jam
1095 1741 1231 1789 enim
1269 1748 1514 1803 properat
1546 1745 1562 1769 ‘
1583 1740 1652 1789 ad

591 1814 904 1878 praescripta
924 1815 1144 1864 candida
1175 1829 1431 1879 suprema!
1455 1814 1652 1865 calcis.'

597 1891 790 1939 Creech.
819 1892 1047 1940 'I'urnebi
1071 1891 1386 1940 observatio
1409 1898 1492 1940 est
1514 1890 1652 1941 Adv.

594 1972 644 2018 2.
667 1971 746 2017 12.
772 1967 861 2016 ubi
884 1975 942 2017 et
960 1968 1041 2016 liic
1066 1967 1330 2019 Ciceronis
1352 1982 1418 2016 ex
1439 1972 1482 2016 1.
1505 1968 1655 2016 Tusc.

591 2045 761 2096 locus:
787 2046 802 2072 ‘
825 2045 978 2094 Nunc
1003 2045 1152 2094 video
1175 2045 1390 2107 calcem,
1413 2044 1478 2092 ad
1501 2058 1654 2108 quam

594 2135 710 2171 cum
749 2130 1050 2185 perventum
1085 2121 1188 2181 sit,’
1217 2124 1316 2171 διο.
1381 2121 1484 2170 Sed
1511 2127 1568 2169 et
1589 2120 1655 2168 si-

594 2197 729 2246 milis
752 2198 1016 2246 invenitur
1035 2213 1099 2246 ex
1124 2199 1355 2244 Varrone
1381 2197 1516 2258 apud
1549 2197 1597 2244 N
1604 2210 1655 2243 o-

594 2273 736 2322 nium
777 2273 830 2322 in
865 2275 882 2302 ‘
900 2273 1050 2334 calx‚’
1080 2274 1155 2322 ita
1188 2272 1497 2322 emendante
1517 2272 1657 2322 Jano

595 2347 872 2396 Gulielmio
895 2347 984 2395 lib.
1001 2353 1044 2397 1.
1068 2349 1236 2396 Veris.
1258 2362 1304 2396 c.
1326 2351 1375 2395 4.
1399 2361 1490 2395 seu
1513 2348 1657 2396 Tom.

566 2425 643 2488 „3·
680 2422 832 2470 Facis
865 2421 992 2471 Crit.
1034 2437 1080 2484 p.
1105 2426 1219 2471 260.
1254 2423 1268 2448 ‘
1290 2421 1497 2472 Nemini
1533 2421 1658 2469 For-

597 2509 724 2546 tuna
745 2511 948 2546 curmnn
970 2495 1174 2546 missum
1196 2512 1224 2544 a
1243 2509 1454 2543 carcere
1477 2496 1657 2544 intimo

597 2573 727 2622 Labi
748 2570 1052 2621 inoffensum
1079 2585 1168 2634 per
1191 2583 1368 2634 aequor
1383 2570 1657 2618 candidum

595 2649 657 2696 ad
684 2647 876 2696 calcem
901 2647 1055 2696 sinit.'
1089 2645 1224 2697 Hau.

679 2728 742 2772 95
806 2723 1068 2786 Principio,
1121 2722 1302 2771 tonitru
1357 2723 1659 2786 quatiuntur]

596 2801 725 2850 Vult
752 2802 951 2850 tonitru
972 2801 1087 2849 fieri
1122 2815 1186 2848 ex
1209 2800 1421 2848 nubium
1444 2813 1658 2848 concur-

595 2891 675 2939 su,
712 2878 881 2926 ventis
904 2885 1088 2925 contra
1111 2873 1472 2938 pugnantibus.
1540 2875 1661 2924 Qua

596 2955 663 3002 de
687 2968 742 3002 re
766 2953 840 3002 sic
875 2952 1147 3001 Laertius:
1183 2951 1384 3015 Βροντὰς
1417 2951 1661 3013 ἐνδέχεται

595 3027 802 3089 γίνεσθαι
823 3028 946 3078 κατὰ
981 3025 1244 3087 πνεύματος
1277 3027 1329 3076 ἐν
1357 3030 1459 3077 τοῖς
1489 3027 1661 3077 κοιλῶ·

596 3121 712 3167 μασι
756 3107 852 3156 τῶν
888 3108 1039 3166 νεφῶν
1073 3103 1328 3165 ἀνείλησιν,
1366 3101 1570 3167 καθάπερ
1611 3105 1663 3153 ἐν

594 3184 698 3234 τοῖς
729 3179 965 3246 ἡμετέροις
1001 3179 1228 3242 ἀγγείοις,
1262 3180 1387 3243 παρὰ
1417 3180 1557 3241 πυρὸς
1575 3199 1659 3229 πε-

593 3257 1009 3320 πνευματωμένοις,
1049 3255 1229 3318 βόμβος
1270 3257 1321 3304 ἐν
1363 3257 1534 3307 αὐτοῖς.
1581 3256 1660 3306 καὶ

599 3338 720 3386 κατὰ
741 3323 888 3398 ῥήξεις
919 3335 970 3384 δὲ
993 3339 1157 3397 νεφῶν,
1178 3333 1255 3384 καὶ
1275 3334 1559 3401 διαστάσεις,
1577 3333 1660 3385 καὶ

594 3411 908 3476 παρατρίψεις,
937 3411 1016 3460 καὶ
1049 3409 1276 3474 κατάξεις,
1305 3414 1440 3473 πῆξιν
1471 3411 1659 3475 εἰληφό·

593 3505 689 3536 των
709 3490 1092 3552 κρυπαλλοειδῆ.
1113 3492 1209 3536 &c.
1246 3489 1280 3535 i.
1305 3502 1352 3537 e.
1374 3493 1390 3517 ‘
1411 3489 1659 3538 'fonitrua

595 3564 711 3612 fieri
752 3570 966 3626 possunt
1001 3579 1066 3611 ex
1103 3563 1315 3624 spiritus
1351 3563 1405 3611 in
1445 3566 1656 3614 nubium

594 3638 909 3686 cavitatibus
932 3638 1316 3699 compressione
1333 3644 1390 3686 et
1407 3641 1657 3689 constric-

596 3714 760 3774 tione,
784 3712 1212 3779 quemadmodum
1237 3715 1291 3762 in
1314 3715 1447 3763 vasis
1469 3717 1657 3765 nostris

595 3788 708 3838 fieri
729 3788 880 3848 nolet,
895 3787 1080 3851 quibus
1098 3788 1164 3836 ab
1185 3788 1291 3851 igni
1315 3786 1501 3838 inflatis
1524 3791 1659 3839 soni·

593 3871 678 3912 tus
702 3863 895 3912 editur:
921 3869 1028 3910 tum
1048 3863 1206 3910 etiam
1225 3877 1288 3912 ex
1311 3863 1518 3913 nubium
1536 3879 1657 3928 rup-

594 3939 841 4002 tionibus,
865 3945 920 3987 et
940 3937 1391 4002 distractionibus,
1411 3947 1467 3989 et
1489 3937 1657 3990 affric-

595 4013 841 4074 tionibns‚
874 4021 930 4063 et
968 4011 1416 4077 perfractionibus,
1452 4023 1655 4078 postea-

596 4104 750 4154 quam
785 4089 1048 4152 glacialem
1080 4089 1333 4153 quandam
1366 4093 1655 4142 concretio-

594 4179 712 4214 nem
737 4164 943 4228 adeptae
967 4163 1126 4225 sunt‚’
1148 4169 1248 4214 ὅτε.
1302 4165 1465 4218 Arist.
1488 4167 1577 4217 lib.
1599 4172 1653 4218 2.

592 4258 786 4304 μετεωρ.
824 4243 900 4290 ait
934 4241 1134 4291 tonitru
1167 4257 1280 4291 esse
1313 4245 1536 4294 sonitum
1561 4254 1658 4296 aut

595 4319 852 4382 crepitum
890 4315 1076 4381 plegae,
1117 4331 1270 4380 quam
1307 4317 1474 4382 gignit
1509 4321 1653 4370 calor

1293 453 1508 504 No‘rAE
1555 451 1959 512 viimo-Rom
2008 451 2086 500 ΙΝ

1718 609 1815 660 per
1850 593 1953 645 vim
1986 609 2139 644 ruens
2155 597 2213 644 et
2240 594 2473 645 incidens
2498 596 2553 645 in
2574 603 2666 648 ea‘s
2688 603 2781 648 nu‘a

1718 671 1851 733 beis,
1884 672 2067 736 quibus
2088 672 2313 721 inclusus
2334 673 2653 722 continetur.
2708 673 2782 723 A-

1718 747 1920 810 puleius
1942 748 2033 796 lib.
2056 747 2121 795 de
2146 749 2264 796 Deo
2295 748 2520 797 Socratis
2560 749 2653 798 bos
2686 765 2782 799 sex

1718 835 1897 873 versus
1939 821 2187 888 deinceps
2230 826 2625 888 consequenteis
2663 839 2786 890 pro·

1718 896 1846 951 fert.
1878 898 2044 948 Lamo.
2590 897 2595 907 ’

1787 975 1978 1024 Coerula
1994 973 2121 1038 coeli]
2150 973 2198 1025 1.
2216 989 2263 1026 e.
2286 977 2469 1026 carlum
2482 979 2782 1030 caeruleum.

1718 1050 1887 1102 Lamo.
1952 1052 2035 1101 De
2074 1052 2317 1102 meteoris
2356 1052 2716 1117 disputaturus
2750 1071 2784 1106 a

1722 1127 1917 1176 tonitru
1950 1127 2157 1192 incipit,
2194 1129 2335 1192 qnod
2367 1131 2510 1179 varie
2534 1131 2789 1194 explicat.

1720 1212 1776 1254 et
1799 1205 2017 1267 primum
2037 1204 2244 1268 quidem
2268 1219 2372 1255 νει.
2394 1210 2475 1256 12.
2493 1205 2558 1254 fit
2582 1206 2682 1256 iste
2702 1222 2786 1256 so·

1724 1295 1821 1328 nus
1842 1295 1959 1329 eum
1981 1283 2149 1330 nubes
2164 1281 2390 1330 adversis
2408 1282 2578 1330 ventis
2601 1283 2790 1344 impul·

1726 1371 1795 1405 ειν.
1818 1356 2166 1418 colliduntur-3
2198 1358 2308 1407 baec
2340 1355 2441 1405 fuit
2472 1357 2787 1420 Stoicorum,

1728 1434 2041 1492 Democriti,
2063 1435 2279 1484 aliorum
2300 1434 2493 1498 opinio,
2528 1439 2585 1483 et
2614 1436 2659 1484 si
2696 1435 2791 1484 bo-

1726 1509 1933 1558 diernos
1957 1508 2285 1574 philosophos
2308 1511 2575 1560 audiamus
2600 1518 2683 1559 est
2702 1525 2789 1558 ve-

1728 1585 1873 1634 ritati
1911 1585 2177 1648 proxima:
2212 1586 2369 1650 siquis
2406 1601 2533 1635 vero
2572 1586 2789 1650 objiciat

1726 1659 1888 1708 nubes
1912 1673 2051 1710 raras
2074 1675 2209 1718 esse,
2242 1660 2463 1725 ideoque
2492 1661 2559 1711 ad
2585 1668 2789 1712 tantum

1726 1737 1945 1784 sonitum
1968 1738 2223 1786 edendum
2246 1738 2469 1788 maxime
2500 1737 2791 1798 inidoneus,

1728 1811 2019 1869 dicendum,
2054 1812 2213 1876 quod,
2253 1812 2377 1862 licet
2418 1812 2653 1876 lapidum
2698 1819 2793 1862 aut

1728 1887 1853 1949 ligni
1876 1885 2190 1936 densitatem
2216 1901 2315 1936 non
2346 1895 2577 1952 aequant,
2617 1895 2789 1936 tamen

1730 1975 1832 2010 non
1869 1962 1998 2010 adeo
2038 1977 2167 2012 rarae
2208 1968 2347 2022 sunt,
2384 1964 2507 2027 quin
2548 1963 2695 2012 nives
2732 1971 2793 2016 et

1730 2038 2033 2102 grandinem
2054 2038 2375 2089 cohiberent.
2414 2039 2613 2090 Greeclo.

1794 2117 1859 2162 96
1894 2112 2216 2176 Concurrunt]
2282 2114 2349 2164 In
2384 2113 2637 2177 Apuleio,
2682 2130 2796 2164 coa·

1729 2197 1941 2240 emunt.
1976 2189 2155 2240 Gifan.

1796 2265 2005 2316 Sublime
2040 2265 2269 2328 volantes]
2302 2266 2391 2316 Sic
2436 2281 2547 2329 sup.
2585 2271 2633 2316 2.
2670 2271 2795 2318 206.

1728 2340 1745 2369 ⁴
1772 2343 2172 2407 Nocturnasque
2208 2340 2373 2392 faceis
2414 2344 2531 2392 caeli
2574 2343 2795 2394 sublime

1733 2417 2020 2468 volenteis)
2053 2418 2220 2470 Lamo.

1793 2500 1857 2544 98
1893 2497 1997 2544 Nec
2020 2497 2093 2560 fit
2130 2497 2255 2545 enim
2289 2495 2493 2558 sonitus]
2526 2497 2574 2547 1.
2604 2513 2654 2546 e.
2686 2511 2797 2547 non

1730 2571 1865 2620 enim
1890 2579 2035 2621 tonat
2058 2571 2123 2620 ab
2144 2587 2208 2620 ea
2236 2579 2385 2633 parte
2418 2572 2535 2622 caeli
2572 2587 2687 2637 quae
2714 2587 2798 2623 se·

1731 2661 1855 2695 rena
1876 2655 1975 2696 est.
2012 2648 2206 2697 Contra
2229 2647 2412 2698 Horat.
2434 2647 2539 2698 Od.
2566 2655 2614 2700 l.
2638 2653 2723 2698 34.
2744 2653 2798 2698 6.

1730 2725 1745 2750 ⁴
1766 2739 1985 2788 namque
2012 2723 2672 2788 Diespiter-...Plerumque
2698 2738 2796 2786 per

1730 2814 1913 2862 purum
1958 2799 2217 2848 tonanteis
2258 2799 2382 2860 Egit
2428 2814 2608 2863 equos,
2649 2800 2796 2848 volu·

1730 2889 1971 2939 cremque
2006 2873 2253 2924 currum.'
2320 2875 2468 2924 Idem
2514 2875 2793 2926 Lucretius

1732 2949 1865 3000 infra
1887 2957 2066 3014 negat,
2089 2950 2301 3000 fulmina
2322 2952 2451 3000 caelo
2474 2966 2683 3016 sereno,
2702 2959 2799 3002 ant

1731 3027 1918 3075 leviter
1938 3027 2109 3074 densis
2133 3026 2369 3086 nubibus,
2390 3026 2544 3090 mitti,
2584 3043 2658 3077 vs.
2678 3032 2796 3080 246.

1729 3102 1744 3129 ⁴
1764 3116 1877 3150 nam
1896 3103 2029 3150 caelo
2051 3103 2190 3150 nulla
2212 3116 2413 3162 sereno,
2450 3104 2569 3153 Nec
2604 3105 2797 3158 leviter

1731 3179 1903 3228 densis
1940 3179 2218 3228 mittuntur
2256 3179 2477 3230 nubibus
2516 3179 2796 3245 umquam-⁹

1732 3254 1902 3306 lamb.

1796 3329 1875 3378 De
1890 3333 2029 3392 purte
2050 3328 2237 3391 serena]
2290 3328 2353 3378 ld
2383 3329 2525 3378 enim
2546 3330 2615 3379 ad
2638 3330 2802 3382 decli-

1732 3405 1949 3454 nandam
1972 3403 2331 3454 miraculorum
2351 3403 2507 3454 fidem
2529 3407 2799 3470 negabant

1731 3480 1963 3544 Epicuri.
2015 3479 2187 3530 Faber.
2252 3480 2318 3531 Id
2354 3480 2495 3530 enim
2532 3483 2799 3545 negabant

1731 3557 1997 3620 Epicurei,
2016 3555 2239 3620 ideoque
2258 3555 2505 3612 Horatius
2526 3555 2803 3607 Insanien-

1732 3641 1836 3686 tem
1858 3634 2011 3682 istam
2035 3631 2354 3694 Sapientiam
2378 3631 2657 3682 relicturus
2680 3633 2799 3684 hoec

1728 3710 1886 3759 habet
1923 3709 2029 3759 Od.
2068 3713 2115 3756 1.
2146 3711 2226 3757 34.
2248 3714 2300 3758 5.
2332 3709 2607 3772 ‘Namque
2644 3709 2803 3759 Dies-

1732 3787 1871 3850 piter
1918 3783 2032 3847 lgni
2076 3798 2289 3832 corusco
2321 3785 2511 3834 nubila
2548 3784 2799 3836 dividens

1730 3864 2065 3927 Plerumque,
2086 3875 2181 3925 per
2204 3876 2386 3925 purum
2408 3869 2648 3914 tonantes
2669 3865 2797 3928 Egit

1731 3941 1923 4005 Equos,
1978 3940 2345 4001 volucremque
2399 3939 2644 4002 currum}
2692 3945 2799 3992 ἃς.

1734 4016 1931 4066 creec-Is.

1794 4094 1859 4140 99
1890 4090 2051 4139 Denso
2064 4093 2176 4138 sunt
2193 4087 2405 4152 agmine]
2442 4087 2623 4138 Denso
2648 4095 2799 4152 actu,

1729 4170 1786 4214 et
1806 4167 1949 4230 quasi
1974 4164 2153 4215 ductu.
2217 4163 2365 4212 Idem
2402 4168 2453 4212 5.
2484 4168 2603 4214 272.
2636 4165 2797 4213 ‘inde

1728 4257 1883 4304 super
1902 4249 2061 4290 terras
2084 4239 2200 4288 fluit
2219 4238 2423 4304 agmine
2447 4237 2621 4288 dulci.'
2647 4240 2799 4304 virg,

1728 4318 1927 4381 Georgo·
1952 4321 2002 4368 8.
2023 4319 2141 4367 869.
2169 4315 2185 4344 ‘
2203 4312 2543 4380 confertoque
2582 4315 2790 4379 agmine
