3200 4959
600 422 787 521 2662

606 597 857 660 scriptum
878 600 979 657 est,
1000 594 1261 647 Avernum
1290 594 1463 645 ‘lacum
1487 592 1660 645 vocari

608 686 761 736 posse
794 673 813 700 ⁴
832 671 1061 735 viperam
1080 670 1269 719 montis
1282 668 1320 719 ?’
1384 669 1553 734 quue
1575 684 1662 720 ve·

605 749 715 799 nire
754 748 807 797 in
844 753 1071 796 mentem
1116 754 1221 795 tam
1254 746 1411 796 docto
1450 751 1662 810 tamque

602 823 827 886 eleganti
882 822 1077 873 homini
1140 822 1392 885 potuisse,
1460 836 1662 886 nequeo

606 898 733 948 sutis
778 898 975 947 mirari.
1040 898 1139 947 Est
1179 898 1339 947 etiam
1389 906 1664 962 praeterea,

602 974 657 1023 in
701 988 802 1037 quo
842 980 1049 1037 peccat,
1093 987 1193 1023 nec
1248 988 1373 1023 vero
1424 974 1660 1034 leviter;

606 1050 695 1113 qul
740 1049 943 1099 scilicet
1000 1048 1285 1099 crediderit
1332 1048 1391 1097 τὸ
1450 1050 1469 1079 ‘
1506 1048 1661 1099 ocris'

602 1125 896 1188 epithetum
913 1138 1029 1176 esse
1052 1126 1267 1175 montis:
1302 1125 1355 1175 id
1370 1125 1504 1189 qnod
1523 1140 1554 1174 a
1570 1140 1662 1175 ne-

602 1201 741 1251 mine
794 1215 1020 1267 unquam
1074 1202 1283 1265 probari
1326 1216 1477 1265 posse
1534 1202 1663 1251 satis

602 1276 842 1339 eonfid03
872 1292 990 1329 cum
1025 1277 1229 1328 videam
1262 1278 1381 1328 huic
1404 1278 1519 1329 voci
1540 1279 1665 1327 ocris

601 1353 900 1419 adjunctum
942 1355 1232 1418 epithetum
1283 1352 1439 1403 fuisse
1492 1353 1557 1403 ab
1598 1368 1664 1404 eo

600 1433 715 1497 ipso
754 1440 969 1483 auctore
1008 1432 1152 1497 cujus
1191 1431 1484 1480 testimonio
1516 1444 1571 1479 se
1607 1444 1664 1479 se

602 1514 783 1571 tegere
826 1508 1022 1571 possit:
1078 1506 1218 1571 quod
1266 1521 1366 1557 nou
1408 1506 1579 1569 fieret,
1615 1506 1666 1555 si

600 1587 619 1614 ‘
648 1584 809 1634 ocris·
853 1596 1090 1647 asperum
1136 1581 1473 1645 significaret.
1557 1584 1664 1643 Ex·-

600 1661 774 1723 empla
822 1660 936 1722 ipsa
990 1658 1123 1708 Livii
1164 1658 1450 1708 Andronici
1504 1658 1661 1707 fldem

600 1735 755 1785 dictis
776 1734 1032 1785 fecerint:
1066 1736 1082 1764 ⁶
1103 1734 1206 1785 Sed
1247 1735 1365 1799 quei
1388 1742 1507 1783 sont
1540 1735 1661 1785 istei

600 1813 721 1877 quei
776 1814 1065 1863 ascendunt
1124 1814 1283 1863 altom
1342 1812 1551 1862 ocrin?’
1607 1819 1664 1862 et

600 1888 751 1939 alibi:
788 1892 805 1919 ‘
828 1889 1105 1953 celsosque
1125 1887 1298 1939 ocris.'
1341 1887 1507 1937 Addit
1528 1900 1660 1952 prae-

598 1971 744 2014 terea
775 1964 1075 2015 Turnebus:
1118 1964 1137 1993 ‘
1160 1965 1343 2013 Festus
1378 1964 1660 2026 Pompeius

597 2040 787 2090 montis
810 2041 1102 2104 epithetum
1137 2054 1251 2089 esse
1284 2040 1559 2103 perspicue
1579 2039 1659 2088 fa-

598 2116 785 2177 tetur3'
828 2130 933 2165 non
964 2117 1077 2165 sine
1114 2130 1292 2165 errore
1315 2115 1381 2163 ‘id
1424 2128 1657 2179 qnoque:

596 2204 713 2241 nam
737 2204 852 2241 cum
874 2192 1087 2254 legisset
1115 2191 1254 2254 apud
1290 2190 1507 2239 Paulum
1530 2188 1658 2254 <non

596 2276 773 2318 autem
815 2268 1045 2331 Festum,
1086 2268 1163 2317 uti
1212 2281 1330 2315 mox
1374 2265 1662 2329 constabit)

592 2346 612 2373 ⁴
639 2356 811 2393 ocrem
844 2342 1070 2391 mon‘tem
1116 2341 1477 2405 confragosum
1521 2342 1660 2391 diee-

596 2417 724 2468 bant
740 2417 977 2481 antiqui,'
996 2418 1313 2468 existimavit
1330 2417 1658 2466 distinctiun-

596 2496 765 2544 culam
788 2494 1114 2543 statuendam
1138 2508 1249 2541 esse
1273 2500 1389 2555 post
1405 2491 1464 2541 τὸ
1481 2493 1497 2521 ⁶
1517 2508 1658 2543 mon-

596 2568 743 2632 tem,’
764 2582 881 2618 cum
904 2576 1087 2617 contra
1119 2568 1195 2616 sic
1229 2567 1535 2617 scribendus
1568 2570 1657 2618 ille

592 2647 737 2694 locus
758 2644 856 2692 sit:
891 2657 1103 2706 oenum,
1138 2642 1331 2693 deinde
1357 2644 1658 2707 ἐεηγητικῶς,

592 2723 609 2749 ‘
632 2726 857 2770 montem
877 2718 1236 2783 confragosum
1258 2720 1513 2769 vocabant
1528 2722 1660 2770 anti·

592 2794 718 2860 qui.’
753 2795 887 2845 Nam
907 2797 1093 2845 Festus
1115 2796 1319 2859 quidem
1342 2796 1475 2858 ipse,
1500 2810 1655 2859 quem

590 2870 726 2919 baud
766 2870 921 2920 dubie
960 2870 1027 2920 ob
1066 2870 1242 2920 oculos
1286 2884 1387 2919 non
1431 2870 1656 2920 habebat

590 2964 709 2998 cnm
731 2963 793 2997 ea
811 2948 1062 2998 scriberet
1081 2946 1371 3011 Turnebus,
1404 2960 1529 3007 rem,
1554 2961 1656 3011 qua

591 3023 659 3073 de
701 3024 891 3086 agitur,
939 3029 1091 3073 extra
1135 3036 1337 3071 omnem
1381 3021 1656 3071 dubitandi

590 3102 760 3150 locum
826 3100 1044 3149 statuit:
1102 3098 1178 3147 sic
1239 3096 1374 3145 enim
1437 3096 1651 3145 scribit:

587 3177 605 3205 ⁶
628 3188 819 3226 ocium
837 3174 1055 3239 antiqui,
1079 3181 1137 3224 nt
1156 3173 1341 3223 Ateius
1367 3172 1654 3235 philologus

588 3251 645 3300 in
678 3251 811 3300 libro
844 3252 1267 3314 glossematorum
1302 3248 1487 3309 refert,
1510 3261 1652 3297 mon-

585 3332 697 3375 tem
720 3326 1082 3390 confragosum
1105 3325 1399 3376 vocabant)
1463 3324 1652 3388 Itaque

588 3418 703 3452 cum
730 3402 915 3452 ‘ocris’
937 3412 1159 3451 montem
1195 3401 1469 3465 significet,
1500 3402 1651 3449 mira·

588 3479 707 3528 bilis
738 3492 866 3528 vero
902 3477 1130 3527 Turnebi
1170 3478 1327 3525 lectio
1358 3476 1651 3537 videbitur3

586 3568 705 3603 nam
749 3552 873 3602 ocris
914 3554 1074 3615 vipera
1126 3552 1316 3613 montis,
1366 3550 1493 3599 nihil
1534 3566 1650 3601 esse

588 3627 726 3677 aliud
768 3627 981 3690 poterit,
1029 3641 1200 3689 quam,
1242 3625 1430 3675 montis
1469 3625 1653 3689 vipera

583 3701 811 3761 >montis;
860 3700 1129 3764 iudignum
1165 3707 1310 3750 tanto
1354 3700 1479 3750 viro.
1545 3703 1650 3751 Ve-

585 3792 699 3831 rum
722 3778 846 3843 quid
883 3776 1010 3827 fiat?
1040 3777 1271 3827 homines
1304 3791 1490 3827 sumus.
1541 3778 1649 3827 Sed

584 3857 639 3905 ln
672 3868 825 3905 versu
855 3854 1109 3918 sequenti,
1146 3854 1212 3903 de
1250 3867 1351 3919 quo
1384 3855 1437 3902 in
1474 3853 1647 3915 notis3

584 3935 600 3961 ‘
624 3931 863 3994 Pompeii
878 3930 1061 3979 calidis
1083 3930 1172 3979 ubi
1196 3929 1397 3980 fumant
1416 3929 1647 3980 fontibus

586 4009 725 4057 aucti
742 4008 783 4066 3'
820 4005 1002 4057 itidem
1024 4005 1166 4055 circa
1188 4008 1203 4035 ‘
1229 4006 1535 4069 Pompeios’
1564 4020 1646 4055 er-

584 4082 720 4131 ravit
759 4088 914 4147 atque
956 4081 1268 4131 Lambinus:
1320 4082 1400 4131 uti
1441 4096 1509 4131 ex
1544 4082 1647 4131 alio

584 4156 805 4221 quodam
849 4157 1273 4207 Adversariorum
1313 4158 1431 4207 loco
1472 4166 1646 4208 osten-

587 4233 705 4281 dam
742 4231 882 4281 alibi.
962 4232 1033 4281 Et
1069 4232 1180 4281 baec
1219 4232 1422 4296 quidem
1462 4233 1645 4283 adver-

584 4322 671 4361 sus
694 4307 789 4359 viri
810 4306 1075 4359 clarissimi
1094 4300 1419 4363 sententiam.
1490 4310 1647 4359 Nunc

1310 450 1529 503 No'rAE
1572 450 1974 502 vitulorum
2023 450 2103 501 nt

1737 592 1803 645 ad
1846 584 2146 644 Gifaniu'mt
2203 592 2219 623 ⁸
2245 591 2436 657 Certe‚'
2476 592 2648 658 iuquit
2687 594 2798 659 ille,

1734 671 1752 699 ⁶
1774 672 1909 720 lacus
1948 671 2094 733 posui
2151 684 2246 733 pro
2297 668 2456 720 locus?
2544 670 2608 719 Id
2659 673 2798 737 quod

1731 758 1911 797 verum
1929 756 2041 807 est3
2075 746 2166 795 sed
2190 746 2232 795 si
2253 760 2362 795 rem
2387 747 2540 809 paulo
2561 748 2797 797 conside·

1735 828 1903 871 rasset
1950 820 2267 884 diligentius,
2314 822 2636 885 aliquantulo
2680 822 2802 884 plns

1728 896 1918 961 judicii
1935 912 1997 947 eo
2021 898 2106 947 die
2127 897 2324 947 babere
2333 898 2474 946 visus
2491 903 2631 945 esset
2645 912 2801 961 qnam

1736 972 1954 1023 fortasse
1972 973 2138 1038 pridie
2151 974 2435 1034 habuerat;
2463 987 2641 1022 versus
2662 975 2804 1024 enim

1737 1050 1974 1112 proxime
1993 1048 2231 1111 superior
2251 1062 2362 1096 eam
2383 1048 2801 1097 emendationem

1739 1124 1962 1188 respuit,
1997 1129 2057 1174 ut
2091 1123 2279 1187 probat
2311 1122 2448 1188 quod
2479 1137 2603 1171 mox
2635 1124 2702 1171 de
2724 1123 2802 1176 ai-

1739 1207 1852 1249 tero
1868 1200 1956 1249 illo
1977 1214 2132 1249 sorno
2153 1199 2430 1250 scribitur:
2467 1212 2638 1263 neque
2661 1198 2804 1269 enim

1737 1275 1878 1323 lacus
1901 1275 2088 1323 eratin
2125 1290 2246 1325 arce
2281 1274 2421 1324 urbis
2442 1274 2799 1335 Atheniensis.

1739 1349 1879 1398 Dein
1902 1352 2089 1413 lacum,
2109 1350 2178 1400 de
2197 1364 2300 1415 quo
2323 1350 2510 1413 agitur,
2542 1348 2611 1399 ad
2633 1351 2804 1399 Vesu-

1735 1426 1806 1475 vii
1841 1426 2040 1476 radices
2070 1428 2182 1476 sine
2220 1428 2365 1477 incili
2401 1426 2654 1489 traduxit,
2687 1426 2801 1475 sine

1733 1501 1958 1551 haustris
1997 1504 2308 1565 transvexit,
2359 1516 2474 1567 quoe
2517 1516 2602 1551 res
2647 1502 2800 1552 hodie

1735 1576 1873 1627 haud
1896 1579 2052 1629 facile
2071 1578 2180 1630 fiat.
2247 1580 2400 1630 Quod
2433 1585 2606 1629 autem
2630 1578 2802 1642 addit,

1735 1654 1838 1719 legi
1861 1670 2014 1718 posse
2037 1656 2192 1707 etiam
2222 1655 2393 1705 Vesuvi
2422 1670 2568 1717 prope
2601 1660 2804 1718 montes,

1733 1732 1862 1782 nihil
1886 1734 1996 1796 agit
2019 1739 2224 1794 tamen3
2257 1748 2318 1782 ea
2335 1735 2468 1781 enim
2493 1732 2802 1795 conjectura

1734 1808 1991 1858 hominem
2043 1810 2254 1857 minime
2300 1808 2599 1857 extricabit.
2665 1809 2801 1859 Pos-

1734 1890 1928 1933 tremus
1951 1884 2174 1933 omnium
2195 1888 2280 1932 est
2297 1883 2594 1932 Salmasius.
2645 1882 2799 1933 Illius

1734 1958 2031 2008 emendatio
2055 1972 2117 2008 eo
2135 1959 2298 2007 minus
2316 1959 2506 2022 placet,
2520 1958 2658 2023 quod
2677 1974 2799 2018 cum

1735 2041 1816 2085 tot
1853 2042 2061 2100 tamque
2096 2036 2368 2085 dissimiles
2399 2036 2674 2100 scripturae
2707 2052 2802 2089 va-

1736 2111 1950 2161 rietates
1974 2112 2097 2173 sint,
2129 2124 2280 2161 unam
2314 2118 2516 2160 tantum
2543 2112 2802 2173 agnoscit.

1731 2186 1875 2236 Dein
1895 2187 1953 2235 τὸ
1971 2186 2138 2251 ἄορνον
2170 2188 2221 2235 in
2254 2192 2430 2235 moute
2451 2187 2683 2236 Cumano
2706 2200 2803 2250 po·

1732 2261 1829 2324 nit,
1867 2263 2002 2327 quod
2025 2276 2206 2312 verum
2224 2276 2324 2311 non
2347 2269 2462 2323 est;
2493 2276 2608 2311 nam
2632 2262 2804 2327 ἄορνον

1733 2345 1851 2387 erat
1884 2338 1936 2387 in
1969 2339 2108 2400 lacu,
2143 2343 2232 2387 aut
2260 2346 2408 2387 certe
2450 2338 2506 2385 in
2545 2338 2800 2400 spelunca

1733 2428 1849 2478 quoe
1872 2415 1988 2463 laen
2010 2414 2334 2477 cingebatur.
2401 2413 2551 2465 Quod
2589 2415 2676 2462 ille
2709 2429 2798 2465 co-

1731 2494 1899 2555 gitare
1933 2492 2145 2553 debuit3
2188 2505 2288 2553 ego
2327 2495 2506 2539 autem
2544 2504 2613 2539 ex
2653 2491 2800 2544 Geo-

1731 2569 1940 2634 graphis
1993 2566 2254 2618 veteribus
2306 2574 2361 2619 et
2404 2566 2627 2630 Virgilio
2681 2566 2798 2630 ipso

1731 2646 1952 2708 probare
1975 2659 2200 2708 possem.
2249 2644 2349 2693 His
2372 2645 2447 2693 ita
2468 2643 2804 2706 examinatis,

1729 2722 2042 2770 sententiam
2075 2736 2263 2783 meam,
2290 2726 2434 2770 certe
2473 2727 2534 2769 ut
2565 2719 2805 2770 habeant*

1731 2798 1870 2861 quod
1893 2798 1946 2846 in
1967 2810 2052 2847 me
2074 2797 2304 2847 scribere
2345 2796 2564 2859 possint,
2602 2795 2794 2860 quibus

1729 2873 1800 2935 id,
1842 2873 1884 2921 si
1925 2872 2079 2936 forte,
2120 2872 2262 2922 cordi
2311 2871 2488 2933 fuerit,
2537 2873 2796 2935 aperiam.

1728 2948 1946 2997 Memini
1983 2962 2066 2997 me
2104 2948 2158 2997 in
2196 2946 2521 2997 exordiundo
2557 2949 2664 2997 boe
2705 2963 2799 2999 ne·

1728 3024 1870 3086 gotio
1903 3025 2094 3086 dicere,
2133 3024 2359 3074 omnium
2379 3025 2584 3075 illarum
2603 3024 2795 3077 lectio-

1726 3112 1868 3161 num,
1887 3114 2016 3162 quas
2038 3099 2110 3148 ibi
2134 3098 2368 3162 exposui,
2383 3112 2496 3147 eam
2511 3112 2624 3147 esse
2647 3114 2794 3151 max-

1725 3173 1829 3222 imo
1872 3174 1988 3222 usui
2031 3188 2202 3238 posse,
2240 3188 2358 3238 qum
2404 3175 2626 3225 maxime
2667 3176 2797 3224 ridi-

1726 3252 1864 3312 cula,
1922 3251 2244 3315 maximeque
2303 3250 2436 3301 falsa
2488 3251 2792 3301 videretur:

1725 3333 1912 3376 contra
1934 3333 2128 3390 autem,
2160 3341 2276 3391 qnae
2297 3326 2656 3376 manifestiora
2678 3329 2796 3377 veri

1726 3400 1917 3450 indicia
1951 3416 2060 3465 prae
2095 3415 2153 3451 se
2183 3400 2364 3464 ferret,
2399 3418 2466 3451 ex
2498 3416 2564 3451 ea
2596 3403 2669 3450 nil
2694 3402 2795 3451 nisi

1724 3474 1909 3525 falsum
1943 3489 2096 3538 posse
2133 3476 2384 3540 protrahi.
2465 3476 2593 3527 Quis
2631 3478 2792 3541 enim,

1729 3550 1823 3599 nisi
1849 3560 2026 3614 postea
2062 3550 2298 3601 diffidere
2333 3557 2553 3614 coeptet,
2593 3566 2660 3601 ex
2697 3553 2790 3601 illa

1723 3626 2147 3690 depravatissimo
2182 3628 2461 3690 scriptura,
2498 3626 2672 3676 eccisus·
2699 3644 2791 3691 per

1721 3706 1920 3765 montes,
1937 3715 2041 3752 non
2071 3702 2315 3751 continuo
2342 3702 2618 3764 exclamet,
2645 3717 2787 3755 com-

1723 3777 1875 3827 mode
1897 3774 2034 3827 effici
2057 3790 2228 3841 posse,
2260 3777 2435 3827 Vesuvi
2461 3790 2551 3840 per
2569 3784 2786 3831 montes?

1723 3856 1860 3906 unde
1915 3863 2100 3921 postea
2153 3854 2446 3920 effingatur‚
2497 3861 2790 3921 montemque

1730 3930 1994 3983 Venenum?
2042 3931 2180 3997 qnod
2229 3937 2385 3981 antea
2436 3939 2607 3981 tamen
2659 3934 2788 3983 satis

1721 4006 1962 4057 refellere
1987 4009 2083 4057 visi
2105 4008 2314 4058 fuimus.
2373 4009 2567 4058 Contra
2591 4016 2786 4073 antem,

1717 4082 1826 4147 illa,
1845 4090 2052 4135 amcos
2069 4099 2157 4149 per
2185 4089 2366 4133 montes
2374 4100 2396 4143 ,-
2429 4083 2568 4133 unde
2590 4089 2788 4134 ceteras

1719 4168 2013 4223 manarunt,
2050 4150 2347 4223 planissime
2378 4159 2510 4209 falsa
2543 4166 2644 4220 est,
2665 4174 2786 4209 cum

1719 4236 1932 4285 Etrusci
1953 4236 2022 4284 ‘in
2053 4234 2334 4298 Campania
2354 4240 2409 4283 et
2430 4234 2572 4284 circa
2591 4234 2786 4283 Cumas

1719 4324 1822 4359 non
1855 4310 1979 4373 siut,
2014 4324 2116 4359 non
2147 4310 2306 4373 magis
2333 4323 2486 4377 quam
2522 4308 2790 4359 Armorici
