3200 4959
592 428 770 496 1388
1281 440 1497 489 nore,
1544 438 1945 488 immotum
1996 440 2075 487 nv

599 586 722 637 siam
747 600 860 638 esse
881 586 1078 651 putabo
1101 602 1116 636 ε
1151 584 1312 635 sedin
1327 584 1442 633 aliis
1463 585 1538 633 ita
1555 588 1656 648 est,

604 661 818 714 Vollibus
836 669 883 714 et
913 662 1050 729 cycni
1080 676 1188 713 nece
1222 662 1399 711 detorti
1432 676 1494 711 ex
1515 660 1663 709 Heli-

600 741 731 790 conis
745 757 769 802 ,-
823 742 1072 803 tenebroe,
1125 737 1323 802 ἀφασία,
1381 736 1524 786 nibil.
1593 737 1657 785 In

603 816 738 879 aliis,
763 819 832 867 Ee
852 818 1014 880 gelida
1031 816 1164 881 cycni
1185 830 1296 866 nece
1309 814 1427 865 torti
1443 829 1506 863 ex
1517 818 1659 863 antro

602 892 852 943 Heliconis
863 911 885 955 ,-
926 893 1084 943 nihilo
1145 892 1334 953 sanius,
1383 896 1444 939 ut
1493 890 1658 940 vides.

604 967 692 1017 Ad
735 984 851 1019 eum
907 971 1078 1020 locum
1121 969 1397 1031 interpres,
1441 966 1552 1029 ille,
1581 966 1661 1015 in-

606 1058 780 1108 quam,
814 1046 1091 1110 interpres,
1123 1046 1204 1094 cul
1236 1057 1398 1108 prope
1418 1043 1507 1092 uni
1527 1042 1662 1091 salu·

605 1129 714 1170 tem
735 1130 792 1171 et
829 1123 1047 1172 nitorem
1087 1136 1232 1171 suurn
1272 1120 1435 1169 debet
1467 1120 1663 1169 Lucre·

606 1195 729 1258 tius,
750 1197 815 1247 de
835 1198 1077 1260 lectione,
1107 1212 1224 1263 quoe
1265 1196 1318 1244 in
1351 1196 1452 1245 hac
1483 1201 1665 1244 nostra

606 1271 840 1323 editione
862 1279 963 1336 est,
977 1274 1052 1322 sic
1077 1274 1214 1322 inter
1235 1280 1414 1322 cetera
1445 1270 1661 1320 scribitt

607 1349 626 1377 ⁸
644 1348 794 1399 Hauc
819 1363 932 1400 esse
957 1351 1134 1413 putavi
1167 1364 1340 1399 verum
1377 1356 1434 1399 et
1467 1354 1665 1398 rectam

609 1424 941 1488 scripturam,
987 1431 1078 1474 ant
1121 1433 1268 1475 certe
1309 1440 1448 1475 veroe
1489 1423 1665 1488 proxi-

607 1514 760 1562 mam,
804 1516 906 1551 non
948 1508 1292 1566 pugnaturus,
1333 1502 1378 1550 si
1421 1502 1534 1567 quis
1581 1502 1667 1550 vel

607 1576 921 1640 ingeniosior
953 1578 1312 1639 conjecturam
1347 1576 1530 1627 afferat
1558 1591 1667 1626 me-

605 1653 808 1716 liorem,
861 1654 964 1716 vel,
1019 1653 1396 1704 emendatiores
1458 1653 1669 1703 codices

607 1734 815 1792 nactus,
835 1730 1142 1793 scripturam
1180 1728 1470 1779 veriorem.’
1533 1728 1670 1778 Haec

610 1803 678 1852 ad
697 1817 808 1854 sese
839 1804 1104 1869 pertinere
1133 1814 1276 1855 ratus
1305 1804 1560 1866 Gifanins,
1594 1804 1671 1852 sic

607 1882 780 1930 locum
813 1881 954 1930 hunc
989 1881 1268 1945 legendum
1289 1896 1402 1931 esse
1433 1880 1636 1929 monuit
1654 1894 1671 1928 t

619 1956 830 2007 vanem
847 1961 896 2006 et
908 1957 1042 2021 moti
1059 1971 1169 2006 nece
1181 1956 1300 2005 torti
1318 1972 1382 2005 eoe
1403 1956 1672 2005 Heliconis.

614 2031 678 2081 In
699 2046 800 2097 quo
821 2033 908 2083 vel
929 2032 1104 2095 pueris
1134 2031 1426 2083 deridiculo
1443 2046 1560 2081 esse
1583 2044 1675 2094 po·

610 2115 744 2169 test3
789 2114 851 2157 ut
899 2107 955 2157 in
1005 2112 1056 2156 8.
1111 2108 1340 2157 editione
1401 2106 1677 2156 annotavit

615 2184 914 2234 Lambinus.
980 2183 1147 2248 quue
1179 2185 1278 2233 nisi
1311 2184 1425 2247 ipse
1463 2183 1676 2233 demon·

612 2265 849 2321 strasset,
872 2273 967 2309 nos
1000 2260 1105 2307 levi
1141 2259 1352 2308 brachio
1374 2258 1552 2308 facere
1585 2272 1679 2321 po-

615 2346 897 2384 tueramus.
987 2336 1328 2398 Quapropter
1373 2350 1490 2384 cum
1531 2336 1677 2385 Gifa-

614 2411 732 2459 nius
769 2410 854 2459 hic
893 2424 951 2459 se
992 2410 1286 2473 turpissime
1320 2406 1544 2474 dederit,
1577 2424 1679 2461 nec

617 2486 897 2536 Lambinus
939 2500 1048 2535 sure
1091 2487 1408 2551 conjecturas
1449 2486 1681 2537 confidat

615 2564 776 2625 satis3
797 2563 1076 2613 videndum
1113 2577 1180 2613 an
1217 2564 1332 2627 quis
1367 2562 1579 2613 Gifanio
1599 2578 1680 2613 sa-

620 2641 794 2701 gacior
817 2654 930 2689 esse
953 2640 1118 2704 possit
1151 2648 1242 2691 aut
1265 2638 1500 2702 felicior3
1539 2641 1681 2705 qnod

617 2713 731 2777 flet,
799 2714 887 2765 nbi
964 2716 1218 2766 rationem
1292 2718 1683 2781 exposuerimus

619 2791 954 2855 quamobrem
995 2791 1296 2854 Lambinus,
1324 2794 1683 2857 conjecturam

619 2882 782 2929 suam,
821 2882 936 2931 «μιν,
975 2868 1092 2931 ipsa
1129 2874 1302 2917 tamen
1340 2874 1489 2917 certa
1515 2868 1715 2917 videri.

619 2950 813 3007 potest,
833 2957 937 2992 non
961 2948 1136 2993 tamen
1155 2958 1318 3009 usqne
1343 2959 1545 3009 quaque
1561 2959 1684 3008 pro·

618 3018 777 3067 barit·
841 3019 960 3069 Uno
982 3020 1144 3069 verbo
1165 3019 1352 3082 dicam,
1375 3020 1558 3070 Latine
1579 3019 1685 3069 diei

622 3106 724 3144 non
749 3101 943 3159 potest,
981 3102 1042 3146 ut
1083 3096 1120 3145 ii
1157 3097 1322 3160 probe
1353 3104 1562 3159 norunt,
1595 3096 1685 3161 qui

619 3170 852 3221 studiose
895 3170 1145 3222 sermonis
1184 3171 1356 3223 Latini
1395 3171 1686 3237 proprieta-

621 3252 731 3296 tem
755 3253 1142 3309 consectantur,
1177 3248 1302 3311 dici,
1323 3249 1551 3314 inquam,
1583 3262 1685 3297 non

624 3330 821 3389 potest,
865 3326 1018 3389 Cycni
1057 3328 1158 3375 orti
1206 3334 1316 3377 suat
1368 3343 1431 3377 ex
1485 3328 1687 3379 vallibus

623 3398 910 3460 Beniamin,-
943 3400 1130 3464 alioqui
1167 3402 1488 3465 significaret
1530 3407 1686 3470 origi·

625 3490 742 3526 nem
765 3476 978 3527 duxisse
1011 3492 1078 3527 ex
1115 3480 1354 3544 vallibus,
1394 3482 1516 3533 inde
1540 3493 1687 3534 ortos

625 3566 759 3617 esse,
777 3554 872 3603 διο.
895 3554 1034 3618 quod
1056 3556 1381 3617 nugatorium
1419 3565 1516 3607 est.
1579 3559 1687 3609 Sed

627 3628 763 3677 enim
783 3635 842 3677 ut
851 3629 961 3691 jam
985 3630 1037 3678 in
1057 3631 1094 3679 l.
1128 3630 1496 3696 indicaveram,
1515 3634 1687 3683 dicen-

631 3702 754 3752 dum
775 3702 969 3765 fuerat,
989 3719 1056 3754 ne
1093 3705 1292 3771 dubita,
1313 3710 1446 3772 cycni
1474 3725 1536 3759 ex
1551 3712 1690 3761 eolli-

629 3777 714 3827 lms
756 3778 1003 3829 Heliconis
1039 3782 1223 3842 coorti3
1257 3789 1413 3848 atque
1446 3784 1581 3834 adeo
1616 3789 1689 3838 sic

629 3855 880 3919 legendus
921 3863 1004 3907 est
1034 3858 1124 3908 hic
1155 3859 1335 3911 iocus:
1400 3861 1611 3911 Vollibus
1642 3870 1691 3913 et

625 3930 803 3992 gelidis
821 3933 956 3997 cycni
986 3931 1113 3983 corti
1141 3949 1202 3984 ex
1226 3936 1490 3987 Heliconis.
1555 3940 1691 3990 Fun·

633 4008 930 4060 dementum
967 4011 1279 4075 conjecturae
1302 4018 1492 4063 nostrae
1525 4021 1607 4065 est
1636 4017 1691 4065 iu

633 4102 728 4137 usu
763 4088 932 4137 Latini
969 4090 1246 4152 sermonis3
1287 4094 1396 4139 tum
1434 4099 1693 4155 praeterea

633 4164 689 4213 in
709 4165 940 4227 vestigiis
970 4166 1098 4215 Mss.
1131 4166 1386 4226 codicum,
1422 4167 1475 4216 in
1509 4169 1693 4232 quibus

639 4245 938 4289 constanter
959 4242 1103 4305 legas
1126 4242 1208 4291 vel
1230 4244 1366 4307 torti,
1397 4245 1480 4293 vel
1512 4260 1572 4295 ne
1591 4250 1693 4295 tor-

635 4317 718 4383 tis,
736 4316 898 4367 velue
919 4317 1055 4383 torti,
1084 4318 1166 4381 ayo.
1201 4318 1384 4370 Faber.
1449 4320 1697 4388 Mirifica,

1732 582 1899 633 sicubi
1930 583 2075 645 alias,
2112 582 2254 633 eirca
2288 582 2427 631 hune
2462 578 2632 631 locum
2656 578 2791 631 vari·

1734 661 1927 709 antium
1948 659 2229 710 lectionum
2250 658 2531 708 multitudo
2554 666 2655 720 est,
2670 674 2789 708 nam

1732 736 1785 785 in
1837 735 2146 801 quibusdam
2200 734 2413 797 legitur,
2469 733 2679 783 Vallibus
2738 740 2789 783 et

1732 812 1905 861 ualidis
1935 826 1995 862 ne
2016 811 2157 860 tontis
2192 824 2253 859 ex
2286 809 2551 873 Heliconis,
2574 810 2627 858 in
2651 811 2791 873 aliis,

1741 886 1953 938 vallibus
1972 892 2023 937 et
2039 886 2190 951 Cycni
2208 900 2319 935 nece
2334 887 2513 935 detorti
2526 900 2587 935 ex
2607 886 2798 935 Helico-

1732 964 1828 1027 nis,
1846 964 1899 1013 in
1924 963 2054 1025 aliis,
2074 964 2147 1014 Et
2175 962 2335 1024 gelida
2360 962 2511 1027 Cycni
2540 977 2649 1013 nece
2678 963 2799 1011 torti

1734 1056 1797 1091 σα·
1816 1045 1956 1090 antro
1976 1040 2241 1090 Heliconis.
2265 1039 2565 1099 Lambinus,
2591 1038 2801 1088 Vollibus

1736 1123 1787 1167 et
1812 1118 1965 1181 Cycni
1983 1116 2159 1179 gelidis
2180 1114 2276 1164 orti
2308 1130 2369 1165 ex
2392 1114 2657 1163 Heliconis.
2682 1115 2799 1163 loeo

1736 1194 1833 1242 orti
1872 1193 2043 1242 Faber
2072 1190 2344 1241 substituit
2378 1190 2518 1240 corti.
2586 1192 2805 1240 Vossius

1738 1268 1951 1319 tandem
1980 1268 2043 1317 ad
2070 1269 2331 1317 Catullum
2366 1268 2512 1328 legit,
2534 1268 2601 1316 Et
2634 1268 2809 1317 ualidis

1742 1344 1893 1410 Cycni
1936 1344 2225 1394 torrentibus
2266 1356 2329 1392 ex
2372 1341 2643 1391 Heliconis.
2723 1343 2806 1391 Ex

1740 1423 1999 1473 Helicone
2032 1435 2240 1485 nempe,
2274 1429 2385 1470 tum
2420 1419 2511 1469 alii
2531 1425 2811 1481 torrentes,

1742 1506 1855 1550 tum
1904 1500 2017 1564 ipse
2074 1498 2299 1548 Helicon
2356 1496 2519 1545 amnis
2573 1492 2808 1557 profluit.

1738 1576 2005 1637 Breviter,
2042 1589 2153 1625 nece
2190 1574 2331 1635 torti,
2368 1572 2449 1622 ve'l
2482 1586 2597 1621 nece
2628 1570 2811 1620 detorti

1740 1652 1949 1701 omnino
1988 1650 2365 1715 rejiciendum3
2412 1650 2631 1698 istarum
2674 1648 2809 1696 enim

1743 1745 1927 1781 vocum
1950 1732 2236 1793 sententia,
2274 1732 2420 1795 siqua
2442 1734 2607 1791 esset,
2638 1728 2696 1776 in
2729 1741 2810 1777 se-

1744 1808 1923 1873 quenti
1944 1822 2093 1857 versu
2114 1807 2411 1857 continetur
2429 1823 2445 1868 3
2470 1804 2559 1856 sed
2579 1803 2807 1855 Fabi-unt

1744 1893 1837 1935 aut
1874 1886 2117 1935 Vossium
2160 1885 2412 1949 sequaris,
2452 1881 2669 1948 perinde
2704 1886 2805 1930 est.

1750 1962 1942 2011 σκευὴ.
2008 1960 2292 2025 Multiplici
2329 1960 2613 2009 lectionum
2646 1956 2813 2006 varie·

1750 2042 1859 2086 tate
1882 2036 2088 2099 impulsi
2123 2036 2268 2086 varie
2292 2037 2462 2085 locum
2484 2035 2619 2083 hune
2638 2038 2815 2083 tenta·

1749 2121 1871 2163 runt
1892 2114 2227 2178 interpretes.
2292 2111 2489 2161 Eadem
2507 2111 2573 2160 de
2591 2108 2819 2172 ratione,

1750 2196 1805 2239 et
1826 2189 1964 2253 qnod
1988 2189 2130 2238 nulla
2149 2202 2327 2238 eorum
2348 2184 2639 2236 emendatio
2658 2184 2815 2247 plene

1749 2265 1874 2315 mihi
1902 2262 2213 2326 satisfaciat,
2249 2262 2362 2327 ipse
2383 2276 2589 2327 quoqne
2610 2260 2815 2310 tentavi

1750 2340 1827 2391 ita
1847 2340 2157 2389 emendare:
2198 2338 2469 2389 Vallibuset
2486 2338 2619 2402 cycni
2640 2336 2821 2385 melicis

1739 2415 1877 2476 sorte
1904 2430 1967 2465 ex
1996 2414 2245 2465 Heliconis
2286 2415 2439 2471 Quom
2474 2414 2699 2477 liquidam
2723 2414 2818 2462 tol-

1752 2493 1855 2540 lunt
1895 2490 2091 2554 lugubri
2130 2506 2239 2541 uoce
2277 2493 2527 2554 querelam.
2604 2489 2621 2517 ⁴
2636 2488 2819 2538 Valles

1756 2566 2062 2628 Heliconis:
2118 2572 2179 2615 ut
2212 2579 2493 2631 cycnorum
2532 2568 2818 2615 conventus

1753 2644 1923 2693 locum
1946 2643 2212 2708 proprium
2235 2642 2493 2692 describit
2514 2640 2688 2707 poeta,
2721 2632 2822 2690 sic·
2892 2636 2899 2643 “

1758 2724 1821 2768 ut
1860 2717 2024 2768 ‘Asia
2061 2717 2244 2783 prata’
2295 2718 2481 2782 virgil.
2534 2718 2732 2779 Georg.
2766 2720 2819 2766 1.

1756 2798 1871 2845 ³83.
1904 2795 2057 2847 ‘Jam
2080 2797 2246 2845 varias
2279 2794 2453 2859 pelagi
2477 2794 2729 2856 volucres,
2758 2798 2820 2843 et

1759 2883 1875 2932 quae
1898 2868 2029 2919 Asia
2048 2871 2241 2919 circum
2262 2869 2517 2920 Dulcibus
2537 2870 2591 2919 in
2624 2868 2821 2931 stagnis

1758 2946 2013 2995 rimantur
2049 2952 2203 3009 prata
2241 2945 2485 3010 Caystri.'
2515 2944 2656 2995 Aves
2680 2944 2819 2992 euim

1758 3020 1877 3068 illas
1906 3018 1972 3068 de
2008 3019 2194 3083 cygnis
2216 3021 2451 3084 explicat
2484 3018 2587 3068 Ov.
2608 3017 2747 3067 Met.
2766 3021 2821 3067 ⁶.

1759 3101 1871 3146 327.
1894 3103 1949 3146 et
1968 3097 2083 3161 ipse
2101 3098 2245 3162 Virg.
2281 3096 2396 3149 AEn.
2431 3102 2479 3147 7.
2500 3100 2615 3148 701.
2680 3096 2822 3145 Dein

1755 3175 1772 3203 ⁶
1796 3175 2007 3224 melicos
2024 3174 2039 3197 '
2059 3175 2267 3225 eosdem
2282 3176 2533 3239 appellnt,
2548 3174 2626 3223 nti
2642 3178 2690 3223 6.
2704 3177 2822 3224 ³35.

1760 3264 1970 3300 sonores
2013 3252 2373 3315 organicorum
2416 3249 2589 3300 hisce:
2634 3248 2823 3298 ‘modo

1762 3326 2009 3391 organici
2046 3328 2261 3377 melicos
2287 3340 2545 3391 peperere
2582 3324 2827 3375 sonores.’

1759 3405 1873 3454 Imo
1896 3406 1913 3435 ‘
1931 3405 2063 3455 mele
2100 3401 2331 3469 cycnea,’
2374 3401 2613 3466 proprius
2650 3400 2822 3450 avium

1761 3481 1977 3530 istarum
2016 3490 2201 3531 cantus
2249 3478 2497 3528 Lucretio
2541 3476 2736 3527 dicitur
2772 3480 2824 3526 2.

1762 3562 1878 3607 5⁰4.
1914 3558 1930 3585 ‘
1947 3559 2020 3607 Et
2062 3568 2259 3621 cycnea
2300 3554 2455 3616 mele,
2490 3553 2823 3618 Phoebeaque

1762 3636 1963 3686 doedala
1984 3634 2191 3684 chordis
2212 3634 2457 3684 Carmina
2476 3632 2723 3682 consimili
2746 3646 2826 3681 ra·

1762 3712 1909 3761 tione
1962 3725 2211 3776 oppressa
2248 3711 2500 3761 silerent!
2578 3712 2649 3761 Et
2702 3710 2826 3760 hinc

1762 3787 2089 3837 crocitationi
2150 3801 2421 3837 corvorum
2483 3786 2826 3852 picarumque

1763 3863 2000 3913 stridulae
2035 3860 2040 3867 '
2078 3863 2373 3927 garrulitati
2442 3862 2727 3927 opponitur
2793 3876 2826 3911 n

1764 3940 1949 3989 Persio
2001 3940 2053 3987 in
2097 3940 2327 4003 Prologo
2383 3954 2537 3989 versu
2602 3940 2825 3991 ultimo=

1763 4016 1780 4044 ⁸
1798 4015 1994 4065 corvos
2016 4014 2199 4081 poetas
2217 4022 2270 4066 et
2292 4016 2518 4081 poetrias
2533 4015 2675 4082 picas
2693 4017 2826 4066 Can-

1770 4098 1883 4141 tare
1906 4092 2085 4141 credas
2108 4093 2421 4157 Pegaseium
2443 4094 2643 4145 melos-⁹
2663 4094 2829 4145 Deni-

1768 4182 1870 4233 que
1893 4167 2270 4233 verbumforte,
2293 4170 2429 4235 quod
2452 4178 2633 4221 nostro
2656 4171 2831 4221 admo·

1768 4244 1887 4293 dum
1928 4250 2009 4294 est
2041 4242 2311 4310 familiare,
2350 4248 2586 4311 proxime
2622 4249 2687 4299 ad
2708 4248 2832 4299 tom·

1768 4322 1853 4373 vel
1875 4324 2035 4389 tortis,
2055 4322 2197 4388 quod
2216 4324 2441 4374 unanimi
2458 4339 2715 4377 consensu
2740 4341 2829 4375 ex·
