3200 4959
593 416 765 483 1420

591 582 748 625 nata:
799 574 816 601 ‘
833 572 1037 623 videre’
1082 578 1257 625 autem
1309 571 1649 637 interpretor,

595 649 655 699 τὸ
684 650 811 713 ὁρᾷν,
840 647 872 707 ἡ
903 647 1079 712 ὅρασις,
1117 654 1177 697 ut
1199 662 1312 713 sup.
1347 649 1651 698 ‘Proeterea

595 726 887 776 meminisse
900 723 1079 788 jacet!
1113 724 1212 773 nisi
1251 723 1362 788 quis
1397 725 1543 773 maiit
1572 723 1651 772 di-

597 816 742 863 cere,
761 800 980 859 mesnil,
1000 800 1037 848 i.
1059 812 1106 850 e.
1127 812 1224 848 nec
1253 798 1418 861 licuit,
1452 798 1651 859 videre,

595 880 698 927 διο.
729 875 895 925 Lami».
970 876 1161 937 Videre,
1183 875 1320 925 Usus
1343 874 1573 937 videndi,
1591 881 1653 924 ut

600 960 748 1002 reete
768 951 1074 1002 Lactantius
1113 950 1180 1000 de
1216 949 1364 1015 Opif.
1400 952 1507 1001 Dei
1529 955 1578 1001 Β.
1602 955 1654 1003 ὁ.

601 1030 792 1079 creeck.

665 1109 762 1155 836
783 1104 1063 1168 Processit]
1084 1103 1170 1154 Sic
1190 1104 1485 1167 legendum,
1507 1110 1564 1153 et
1581 1104 1654 1153 ita

601 1182 850 1245 seriptum
873 1180 1028 1230 estin
1049 1180 1139 1230 lib.
1157 1194 1414 1229 manuscr.
1445 1180 1655 1244 quibus-

600 1271 718 1305 cum
739 1256 1068 1307 consentiunt
1087 1256 1366 1305 Parisiens.
1385 1262 1442 1303 et
1461 1256 1656 1305 Veneti

604 1331 769 1395 antiq.
803 1332 892 1379 alii
931 1332 1070 1380 enim
1101 1331 1302 1393 vulgati
1321 1330 1516 1381 habent
1533 1346 1657 1395 ρω-

603 1406 749 1467 cedit,
789 1420 892 1455 non
937 1411 1100 1455 recte.
1129 1406 1296 1455 Lamb.
1387 1406 1657 1469 Proecessit,

605 1480 692 1530 Ita
711 1487 817 1529 vet.
833 1480 972 1529 libri.
1037 1480 1195 1543 Vnig.
1213 1483 1441 1543 precedit
1455 1498 1472 1530 .·
1495 1483 1659 1544 male3

605 1568 724 1603 nam
773 1568 922 1603 mox:
964 1554 1188 1603 ‘creatas
1232 1555 1389 1619 aunt,'
1441 1554 1659 1621 ‘fuere,'

605 1634 705 1679 dte.
743 1628 990 1691 Gitonem.

669 1710 768 1755 845
824 1706 1090 1769 Olv‘ectmn]
1131 1706 1408 1771 Πρόβλημα,
1455 1708 1472 1737 ‘
1489 1707 1662 1771 objec-

607 1787 719 1829 tum
736 1780 751 1805 ’
772 1787 944 1831 autem
961 1784 978 1811 ‘
1002 1782 1360 1845 parmae⁸daret
1374 1782 1389 1802 ⁹
1409 1783 1544 1831 dixit
1569 1797 1664 1846 pro

608 1874 672 1909 eo
693 1858 829 1923 quod
856 1866 952 1922 est,
965 1874 1194 1923 parmam
1214 1860 1480 1923 objiceret.
1544 1859 1663 1910 Jam

608 1948 734 1984 vero
768 1937 783 1963 ‘
799 1948 1026 1999 parmam
1043 1934 1060 1959 '
1091 1949 1206 1984 esse
1241 1933 1468 1998 Θρᾳκικδν
1501 1933 1666 1999 ὅπλον,

609 2010 769 2063 docet
835 2019 1018 2062 auctor
1087 2012 1403 2062 vocabularii
1459 2014 1664 2061 Latino-

611 2087 786 2138 Graeci
798 2103 814 2149 ;
833 2089 1016 2139 Festus
1027 2095 1223 2153 autem,
1232 2090 1247 2117 ‘
1259 2095 1460 2138 scutum
1477 2088 1668 2139 breve.²

603 2266 610 2271 ·
680 2238 842 2287 Daret
861 2238 1087 2299 obiectum
1103 2238 1291 2303 parmai
1327 2239 1443 2287 leuc
1472 2252 1558 2300 per
1586 2252 1667 2286 nr-

615 2311 734 2374 tem]
772 2312 917 2361 Nihil
959 2311 1178 2361 fortasse
1219 2317 1303 2361 eat
1338 2312 1668 2376 quamobrem

615 2387 702 2435 bie
732 2387 871 2437 aliud
913 2400 1064 2451 quam
1105 2386 1244 2451 quod
1289 2388 1454 2450 prima
1492 2385 1671 2438 fronte

619 2469 842 2527 apparet
880 2469 1173 2527 quaeratur3
1214 2462 1306 2512 sed
1341 2476 1440 2512 nec
1487 2462 1578 2514 abs
1612 2478 1671 2514 re

616 2544 794 2587 tamen
813 2536 974 2587 fuerit
1007 2537 1202 2597 dicere,
1238 2537 1508 2601 clypeatus
1530 2538 1671 2599 olim,

614 2618 676 2661 et
697 2612 962 2676 praecipue
974 2613 1245 2675 peltastas,
1266 2612 1552 2662 discursare
1574 2628 1671 2677 per

617 2686 824 2735 bestilia
844 2693 1017 2737 castra
1037 2686 1234 2749 solitos,
1254 2701 1316 2736 eo
1339 2695 1539 2737 tantum
1565 2687 1669 2739 fine

615 2767 680 2811 nt
699 2761 880 2811 obvios
914 2761 1298 2830 protruderent,
1336 2776 1438 2827 quo
1476 2770 1669 2813 ceterae

617 2838 784 2901 copisa
826 2837 1138 2887 disturbatos
1168 2838 1280 2902 jam
1323 2842 1380 2887 et
1411 2838 1673 2901 perculsos

619 2914 1047 2977 aggrederentur.
1081 2914 1254 2965 Faber.

683 2992 782 3038 848
817 2989 970 3044 Quam
987 2986 1175 3051 pocula]
1197 2988 1371 3038 Quare
1389 2988 1672 3051 Diogenes,
1689 2988 1695 2995 '

623 3066 715 3131 qni
751 3064 804 3114 in
831 3066 978 3114 victu
1015 3071 1253 3113 naturam
1293 3065 1426 3114 bene
1470 3066 1673 3115 vivendi

622 3142 806 3192 ducem
828 3141 1156 3205 sequebatur,
1175 3154 1292 3189 eum
1315 3142 1554 3204 poculum
1575 3141 1675 3190 sibi

624 3217 901 3281 ligneolum
925 3216 1226 3279 paravisset,
1259 3215 1370 3265 viso
1394 3230 1556 3279 puero
1588 3217 1677 3281 qui

619 3300 924 3342 concavata·
965 3306 1119 3341 manu
1163 3290 1464 3340 sorbillabat
1499 3306 1677 3356 aquas,

623 3367 868 3429 pocillum
907 3371 962 3415 et
993 3366 1302 3429 cynibiolum
1329 3368 1561 3430 protinus
1586 3367 1675 3416 ab·

614 3443 770 3507 jecit,
817 3446 873 3490 et
914 3440 1143 3504 pandata
1187 3443 1356 3504 palma
1411 3456 1507 3505 pro
1555 3456 1677 3492 vase

625 3518 872 3581 deinceps
926 3523 1008 3565 est
1059 3530 1192 3565 usus.
1243 3520 1259 3545 ⁴
1279 3517 1540 3565 concavat
1589 3517 1677 3565 ille

625 3608 828 3655 manns,
859 3592 1157 3655 palmasque
1189 3591 1244 3639 in
1278 3592 1466 3654 pocula
1495 3589 1679 3655 fingit:

626 3667 936 3731 Calpurnius
986 3666 1174 3729 inquit,
1243 3680 1358 3715 cum
1403 3666 1680 3729 pastoriam

627 3744 786 3792 vitam
805 3740 1141 3791 describeret.
1175 3740 1316 3789 Pius.

716 3823 812 3869 849
876 3820 1002 3870 Hoec
1051 3819 1206 3881 igitur
1253 3819 1470 3882 possunt]
1525 3818 1681 3883 Haec,

627 3908 814 3959 nempe
857 3897 982 3953 tela,
1020 3909 1216 3959 parma,
1248 3896 1435 3960 lectus,
1471 3897 1679 3959 pocula.

695 4052 792 4098 850
830 4047 1050 4112 Vitaqae]
1088 4047 1176 4097 Ita
1205 4048 1441 4098 hocloco
1462 4056 1681 4113 usurpat

627 4122 822 4173 ‘vitam
837 4122 854 4146 '
873 4138 936 4174 ut
954 4123 1130 4173 Graeci
1147 4122 1236 4172 τὸν
1261 4122 1383 4187 βίον,
1411 4138 1513 4173 nou
1537 4124 1681 4190 ζωὴν,

633 4210 730 4267 pto
749 4197 1075 4261 experientia
1097 4198 1299 4249 scilicet
1319 4206 1377 4249 et
1407 4198 1569 4264 πράξει
1587 4204 1683 4250 τῶν

633 4278 685 4331 ἔν
701 4277 769 4339 τῷ
788 4274 892 4339 βίῳ.
922 4273 1094 4325 Faber.

1287 431 1501 481 1⁴01·AE
1551 428 1951 481 vammum
2005 431 2084 480 IN

1782 575 1881 623 856
1914 574 2041 622 mad
2079 575 2195 623 item
2236 586 2329 621 nou
2360 574 2453 637 est]
2494 572 2651 625 Nune
2684 584 2779 625 eur

1722 649 1953 697 esuriant
1990 656 2047 698 et
2076 649 2257 697 sitiant
2292 648 2595 711 animantes,
2618 652 2776 700 ratio·

1720 736 1839 773 nem
1878 722 2045 773 affert.
2086 724 2254 773 Lamb.
2320 725 2473 774 Circa
2496 724 2685 775 famem
2720 734 2779 777 et

1724 798 1862 847 sitim
1884 800 2043 863 siquis
2063 798 2419 850 difficultatem
2458 808 2685 864 moveat,
2717 803 2779 852 ii-

1724 875 1827 923 lam
1851 890 1947 925 νεα.
1984 880 2065 925 19.
2104 874 2260 925 facile
2300 877 2553 940 expediet
2587 878 2778 928 Lucre·

1726 950 1848 1000 tius.
1882 952 1927 999 E
1942 952 2097 1000 rebus
2116 952 2353 1000 omnibns
2376 952 2539 1001 multa
2562 966 2780 1016 corpora

1726 1025 2053 1088 emittuntur,
2095 1041 2163 1076 ex
2201 1027 2503 1076 animalibus
2545 1028 2783 1092 plurima,

1726 1100 1885 1150 multa
1909 1116 2177 1164 perperos
2216 1103 2465 1166 corporis,
2493 1104 2653 1152 muita
2686 1117 2782 1168 per

1728 1190 1787 1225 os
1830 1174 2074 1238 effluunt3
2116 1177 2383 1228 subductis
2427 1185 2597 1227 autem
2636 1178 2786 1229 bisce

1729 1251 1986 1314 partibus,
2020 1259 2225 1302 eaeterae
2263 1253 2427 1303 nninus
2468 1254 2786 1316 cohaereant,

1730 1326 1951 1389 ideoque
1970 1334 2134 1377 totum
2157 1343 2347 1392 corpus
2370 1329 2658 1391 languidius
2690 1329 2786 1379 fiat

1731 1417 1946 1455 neeesse
1968 1414 2048 1455 est
2069 1423 2083 1468 ;
2107 1414 2165 1456 ut
2187 1408 2298 1457 haee
2322 1408 2593 1458 intervalla
2616 1409 2786 1472 repie-

1732 1487 1904 1543 antur,
1923 1481 2068 1531 cibus
2104 1482 2339 1545 sumitur,
2377 1482 2677 1546 pariterque
2696 1498 2786 1546 po·

1732 1562 1835 1617 tus,
1856 1556 1977 1605 inde
2000 1558 2186 1606 iterum
2210 1572 2399 1622 corpus
2423 1557 2483 1607 fit
2510 1557 2791 1621 integrum,

1734 1636 1792 1679 et
1826 1631 1961 1679 vires
2000 1632 2336 1694 reficiuntur3
2383 1643 2537 1697 potus
2574 1634 2789 1697 insuper

1734 1706 1967 1770 reprimit
2012 1708 2233 1757 calorem
2278 1709 2433 1757 istum
2476 1709 2563 1773 qui
2601 1714 2788 1758 stoma-

1734 1780 1885 1830 chum
1927 1788 1984 1831 et
2033 1782 2234 1832 viscera
2276 1783 2485 1833 nimium
2540 1789 2789 1834 torreret.

1740 1856 1932 1907 Creech.

1805 1933 2029 1996 Corporis
2060 1934 2165 1996 ipsa
2186 1934 2381 1999 antara]
2414 1934 2545 1998 Ipsa,
2564 1936 2599 1986 i.
2622 1950 2668 1986 e.
2691 1946 2788 1999 per

1736 2022 1793 2057 ae
1814 2022 1889 2071 se,
1910 2010 2063 2073 ultro,
2082 2010 2143 2057 δι’
2154 2010 2337 2068 ἑαυτῆς.
2375 2011 2548 2060 Faber.

1803 2088 1899 2134 8⁵8
1936 2086 2123 2147 Quippe
2156 2085 2351 2148 etenim]
2390 2084 2555 2134 Aiunt
2584 2084 2793 2146 medici,

1740 2158 1913 2207 eibum
1935 2167 1991 2209 et
2015 2164 2199 2222 potum
2232 2159 2302 2209 ab
2335 2160 2595 2208 animante
2635 2172 2793 2220 prop·

1740 2239 1823 2281 ter
1844 2233 2255 2295 magnitudinem
2294 2235 2480 2284 caloris
2508 2233 2671 2283 nativi
2704 2233 2796 2283 de-

1740 2309 1989 2359 siderari:
2024 2312 2131 2374 qui,
2168 2310 2265 2359 nisi
2301 2310 2423 2359 cibo
2458 2319 2514 2359 et
2550 2317 2679 2374 potu
2714 2324 2796 2357 re-

1742 2383 2111 2446 stingueretur,
2148 2384 2379 2434 membra
2422 2386 2798 2448 depasceretur

1743 2465 1905 2522 atque
1946 2458 2262 2509 absumeret.
2302 2474 2439 2509 nune
2474 2466 2666 2522 autem,
2704 2460 2795 2509 ali·

1744 2541 1919 2585 mento
1957 2530 2113 2585 sicco'
2132 2544 2188 2585 et
2231 2534 2438 2584 humido
2483 2534 2798 2597 refrenatus,

1741 2617 1801 2661 et
1835 2611 1992 2659 vireis
2026 2611 2322 2659 imminutas
2360 2610 2549 2674 reficit,
2592 2618 2649 2661 et
2680 2624 2796 2675 qne

1744 2686 2056 2748 depereunt,
2134 2692 2351 2748 reparat
2422 2700 2487 2735 ae
2558 2686 2794 2737 resarcit.

1746 2760 1917 2811 Lamb.
2026 2806 2031 2810 .

1806 2837 1966 2900 Atque
1983 2838 2220 2901 recedere]
2249 2838 2492 2887 Fortasse
2516 2838 2791 2901 legendum

1744 2928 1802 2962 ac
1842 2914 2077 2976 decedere,
2118 2920 2175 2963 ut
2212 2927 2326 2977 sup.
2356 2918 2405 2962 2.
2446 2919 2589 2965 112⁷.
2624 2916 2797 2965 ‘Nam

1746 2996 1893 3037 certe
1926 2987 2088 3037 fluere
2110 3004 2171 3038 ac
2194 2989 2450 3039 decedere
2471 3004 2692 3053 corpora
2713 3003 2796 3038 re-

1747 3063 1842 3113 bus
1860 3064 2048 3125 Multa,
2071 3076 2247 3112 manus
2268 3064 2494 3115 dandum
2516 3062 2631 3116 est.'
2667 3066 2798 3115 Cum

1748 3140 1909 3189 multa
1928 3137 2144 3205 (inquit)
2164 3153 2385 3202 corpora
2404 3139 2575 3191 fluunt
2592 3154 2623 3189 e
2644 3141 2799 3191 rebus

1748 3222 1804 3263 et
1855 3214 2159 3277 corporibus
2211 3215 2425 3277 nostris,
2480 3224 2589 3266 tum
2643 3217 2799 3279 longe

1750 3290 1969 3355 piurima
1990 3305 2055 3339 ex
2076 3290 2141 3339 iis
2167 3291 2509 3341 animantibus
2546 3308 2663 3357 quat
2686 3294 2801 3356 plu·

1748 3367 1931 3416 rimum
1968 3373 2275 3417 exercentur
2318 3375 2478 3431 atque
2524 3370 2800 3431 agitantur.

1749 3442 1915 3491 Lamb.
1975 3444 2135 3507 Atque
2152 3445 2380 3506 recedere,
2402 3443 2538 3492 Vide
2560 3458 2675 3508 sup.
2698 3457 2797 3494 vas.

1748 3520 1863 3566 699.
1899 3516 2067 3575 Οὔπω.
2172 3522 2176 3527 “

1818 3593 2002 3656 Quippe
2020 3592 2190 3641 etenim
2208 3592 2387 3656 fluere,
2416 3598 2558 3655 atque
2586 3594 2803 3643 recedere

1750 3682 1944 3732 corpora
1973 3667 2112 3716 rebus
2148 3668 2314 3716 Multa
2348 3668 2498 3716 modis
2528 3667 2690 3717 multis
2724 3669 2804 3716 do·

1752 3744 1857 3791 cui:
1891 3744 1971 3791 sed
1998 3742 2205 3804 plurima
2224 3742 2393 3791 debent
2422 3744 2505 3791 Ex
2524 3742 2805 3806 animalibus

1749 3820 1832 3881 iis,
1848 3833 1952 3883 quoe
1965 3823 2073 3867 suat
2088 3818 2295 3867 exercita
2310 3817 2463 3881 mu]
2495 3818 2805 3869 Tollendum

1752 3910 1819 3945 ex
1850 3895 2079 3945 oratione
2112 3894 2287 3943 vitium
2308 3900 2411 3957 est,
2432 3895 2807 3959 legendumque

1754 4008 1769 4025 .
1790 4000 1806 4021 .
1828 4004 1843 4020 .
1870 4004 1884 4019 .
1907 3972 1988 4019 sed
2006 3969 2179 4033 pluria.
2242 3969 2329 4019 Sic
2352 3971 2485 4019 enim
2502 3970 2665 4020 sentit
2686 3970 2809 4033 poe·

1754 4057 1829 4111 ta,
1848 4049 1863 4076 ‘
1882 4047 2045 4095 multa
2058 4046 2075 4069 '
2098 4059 2163 4095 ex
2196 4046 2351 4095 rebus
2374 4047 2667 4097 inanimatis
2688 4060 2805 4095 cor-

1754 4138 1882 4187 pora
1904 4120 2169 4181 recedere,
2192 4122 2281 4169 sed
2304 4121 2459 4185 longe
2484 4122 2501 4151 ‘
2520 4122 2687 4185 pluria
2701 4119 2717 4144 ⁹
2734 4134 2805 4169 ex

1755 4194 2054 4247 animalibus
2088 4210 2202 4259 quae
2228 4201 2371 4244 motu
2404 4196 2637 4245 exercita
2666 4202 2807 4247 sunt.

1757 4274 1859 4336 Bes
1882 4271 2035 4335 plana
2054 4276 2157 4319 est.
2222 4270 2311 4320 Ita
2332 4271 2491 4321 etiam
2526 4272 2647 4321 oiim
2680 4282 2803 4335 pec-
