<?xml version="1.0" encoding="UTF-8"?>
<!DOCTYPE html PUBLIC "-//W3C//DTD XHTML 1.0 Transitional//EN"
    "http://www.w3.org/TR/xhtml1/DTD/xhtml1-transitional.dtd">
<html xmlns="http://www.w3.org/1999/xhtml" xml:lang="en" lang="en">
 <head>
  <title>
</title>
<meta http-equiv="Content-Type" content="text/html;charset=utf-8" />
  <meta name='ocr-system' content='tesseract 3.04.00' />
  <meta name='ocr-capabilities' content='ocr_page ocr_carea ocr_par ocr_line ocrx_word'/>
</head>
<body>
  <div class='ocr_page' id='page_1' title='image "./dererumnaturali00unkngoog_0041.png"; bbox 0 0 3200 4959; ppageno 0'>
   <div class='ocr_carea' id='block_1_1' title="bbox 594 418 2585 485">
    <p class='ocr_par' dir='ltr' id='par_1_1' title="bbox 594 418 2585 485">
     <span class='ocr_line' id='line_1_1' title="bbox 594 418 2585 485; baseline 0.001 -4"><span class='ocrx_word' id='word_1_1' title='bbox 594 436 661 481; x_wconf 74' lang='lat' dir='ltr'><strong>r.</strong></span> <span class='ocrx_word' id='word_1_2' title='bbox 708 431 1068 483; x_wconf 71' lang='lat' dir='ltr'><strong>Lucam-11</strong></span> <span class='ocrx_word' id='word_1_3' title='bbox 1111 432 1292 483; x_wconf 74' lang='lat' dir='ltr'><strong>cAm</strong></span> <span class='ocrx_word' id='word_1_4' title='bbox 1339 430 1444 483; x_wconf 81' lang='lat' dir='ltr'><strong>nn</strong></span> <span class='ocrx_word' id='word_1_5' title='bbox 1490 431 1755 483; x_wconf 71' lang='lat' dir='ltr'><strong>annun</strong></span> <span class='ocrx_word' id='word_1_6' title='bbox 1808 432 1985 482; x_wconf 63' lang='lat' dir='ltr'><strong>uxr.</strong></span> <span class='ocrx_word' id='word_1_7' title='bbox 2040 434 2179 481; x_wconf 76' lang='lat' dir='ltr'><strong>ma.</strong></span> <span class='ocrx_word' id='word_1_8' title='bbox 2227 435 2327 482; x_wconf 81' lang='grc' dir='ltr'><strong>ιν.</strong></span> <span class='ocrx_word' id='word_1_9' title='bbox 2414 418 2585 485; x_wconf 85' lang='grc'><strong>1391</strong></span> 
     </span>
    </p>
   </div>
   <div class='ocr_carea' id='block_1_2' title="bbox 367 576 1492 4361">
    <p class='ocr_par' dir='ltr' id='par_1_2' title="bbox 401 576 1459 713">
     <span class='ocr_line' id='line_1_2' title="bbox 401 576 1459 642; baseline -0.002 -14"><span class='ocrx_word' id='word_1_10' title='bbox 401 579 520 629; x_wconf 69' lang='lat' dir='ltr'><strong>udis</strong></span> <span class='ocrx_word' id='word_1_11' title='bbox 569 578 738 631; x_wconf 72' lang='lat' dir='ltr'><strong>adtisa.</strong></span> <span class='ocrx_word' id='word_1_12' title='bbox 824 578 888 627; x_wconf 87' lang='lat' dir='ltr'><strong>In</strong></span> <span class='ocrx_word' id='word_1_13' title='bbox 945 577 1274 642; x_wconf 80' lang='lat' dir='ltr'><strong>quibusdam:</strong></span> <span class='ocrx_word' id='word_1_14' title='bbox 1329 576 1459 626; x_wconf 76' lang='lat' dir='ltr'><strong>solis.</strong></span> 
     </span>
     <span class='ocr_line' id='line_1_3' title="bbox 405 652 1134 713; baseline -0.003 -10"><span class='ocrx_word' id='word_1_15' title='bbox 405 656 642 703; x_wconf 70' lang='lat' dir='ltr'><strong>Fortasse</strong></span> <span class='ocrx_word' id='word_1_16' title='bbox 661 668 762 704; x_wconf 86' lang='lat' dir='ltr'><strong>uon</strong></span> <span class='ocrx_word' id='word_1_17' title='bbox 779 656 931 705; x_wconf 87' lang='lat' dir='ltr'><strong>male.</strong></span> <span class='ocrx_word' id='word_1_18' title='bbox 964 652 1134 713; x_wconf 70' lang='lat' dir='ltr'><strong>Gifun.</strong></span> 
     </span>
    </p>

    <p class='ocr_par' dir='ltr' id='par_1_3' title="bbox 396 726 1459 1083">
     <span class='ocr_line' id='line_1_4' title="bbox 468 726 1459 790; baseline -0.002 -13"><span class='ocrx_word' id='word_1_19' title='bbox 468 734 564 779; x_wconf 81' lang='lat'><strong>5⁷5</strong></span> <span class='ocrx_word' id='word_1_20' title='bbox 595 730 810 790; x_wconf 73' lang='lat' dir='ltr'><strong>Imogine</strong></span> <span class='ocrx_word' id='word_1_21' title='bbox 831 728 986 790; x_wconf 70' lang='lat' dir='ltr'><strong>verbi]</strong></span> <span class='ocrx_word' id='word_1_22' title='bbox 1008 728 1138 777; x_wconf 86' lang='lat' dir='ltr'><strong>Hor.</strong></span> <span class='ocrx_word' id='word_1_23' title='bbox 1155 726 1220 775; x_wconf 84' lang='lat' dir='ltr'><strong>ad</strong></span> <span class='ocrx_word' id='word_1_24' title='bbox 1238 726 1459 789; x_wconf 76' lang='lat' dir='ltr'><strong>August.</strong></span> 
     </span>
     <span class='ocr_line' id='line_1_5' title="bbox 405 804 1458 867; baseline -0.005 -12"><span class='ocrx_word' id='word_1_25' title='bbox 405 810 452 855; x_wconf 87' lang='lat' dir='ltr'><strong>l.</strong></span> <span class='ocrx_word' id='word_1_26' title='bbox 475 809 556 857; x_wconf 71' lang='lat'><strong>12.</strong></span> <span class='ocrx_word' id='word_1_27' title='bbox 590 809 639 853; x_wconf 78' lang='grc'><strong>3.</strong></span> <span class='ocrx_word' id='word_1_28' title='bbox 667 804 683 832; x_wconf 77' lang='lat'><strong><em>⁴</em></strong></span> <span class='ocrx_word' id='word_1_29' title='bbox 709 805 871 867; x_wconf 86' lang='lat' dir='ltr'><strong>Cujus</strong></span> <span class='ocrx_word' id='word_1_30' title='bbox 905 806 1108 854; x_wconf 81' lang='lat' dir='ltr'><strong>recinet</strong></span> <span class='ocrx_word' id='word_1_31' title='bbox 1131 804 1318 867; x_wconf 83' lang='lat' dir='ltr'><strong>jocosa</strong></span> <span class='ocrx_word' id='word_1_32' title='bbox 1353 804 1458 851; x_wconf 86' lang='lat' dir='ltr'><strong>No-</strong></span> 
     </span>
     <span class='ocr_line' id='line_1_6' title="bbox 400 878 1458 943; baseline -0.001 -13"><span class='ocrx_word' id='word_1_33' title='bbox 400 894 518 930; x_wconf 88' lang='lat' dir='ltr'><strong>men</strong></span> <span class='ocrx_word' id='word_1_34' title='bbox 539 880 710 943; x_wconf 78' lang='lat' dir='ltr'><strong>imago</strong></span> <span class='ocrx_word' id='word_1_35' title='bbox 732 881 842 929; x_wconf 85' lang='lat' dir='ltr'><strong>Aut</strong></span> <span class='ocrx_word' id='word_1_36' title='bbox 875 880 926 929; x_wconf 88' lang='lat' dir='ltr'><strong>in</strong></span> <span class='ocrx_word' id='word_1_37' title='bbox 961 879 1214 928; x_wconf 86' lang='lat' dir='ltr'><strong>umbrosis</strong></span> <span class='ocrx_word' id='word_1_38' title='bbox 1247 878 1458 929; x_wconf 88' lang='lat' dir='ltr'><strong>Helieo-</strong></span> 
     </span>
     <span class='ocr_line' id='line_1_7' title="bbox 397 954 1457 1019; baseline 0 -14"><span class='ocrx_word' id='word_1_39' title='bbox 397 958 482 1006; x_wconf 88' lang='lat' dir='ltr'><strong>nis</strong></span> <span class='ocrx_word' id='word_1_40' title='bbox 523 958 626 1006; x_wconf 85' lang='lat' dir='ltr'><strong>oris</strong></span> <span class='ocrx_word' id='word_1_41' title='bbox 651 956 760 1007; x_wconf 86' lang='lat' dir='ltr'><strong>Aut</strong></span> <span class='ocrx_word' id='word_1_42' title='bbox 795 970 952 1019; x_wconf 88' lang='lat' dir='ltr'><strong>super</strong></span> <span class='ocrx_word' id='word_1_43' title='bbox 994 954 1186 1018; x_wconf 89' lang='lat' dir='ltr'><strong>Pindo,</strong></span> <span class='ocrx_word' id='word_1_44' title='bbox 1219 955 1457 1019; x_wconf 78' lang='lat' dir='ltr'><strong>gelidove</strong></span> 
     </span>
     <span class='ocr_line' id='line_1_8' title="bbox 396 1032 954 1083; baseline 0 0"><span class='ocrx_word' id='word_1_45' title='bbox 396 1034 452 1083; x_wconf 87' lang='lat' dir='ltr'><strong>in</strong></span> <span class='ocrx_word' id='word_1_46' title='bbox 477 1033 722 1083; x_wconf 56' lang='lat' dir='ltr'><strong>Haemo?</strong></span> <span class='ocrx_word' id='word_1_47' title='bbox 763 1032 954 1083; x_wconf 72' lang='lat' dir='ltr'><strong>Creech.</strong></span> 
     </span>
    </p>

    <p class='ocr_par' dir='ltr' id='par_1_4' title="bbox 398 1105 1456 1250">
     <span class='ocr_line' id='line_1_9' title="bbox 466 1105 1456 1170; baseline -0.004 -10"><span class='ocrx_word' id='word_1_48' title='bbox 466 1115 566 1160; x_wconf 75' lang='grc'><strong>676</strong></span> <span class='ocrx_word' id='word_1_49' title='bbox 601 1111 721 1166; x_wconf 81' lang='lat' dir='ltr'><strong>Qaoe</strong></span> <span class='ocrx_word' id='word_1_50' title='bbox 753 1108 869 1158; x_wconf 67' lang='lat' dir='ltr'><strong>heae</strong></span> <span class='ocrx_word' id='word_1_51' title='bbox 897 1122 1004 1157; x_wconf 78' lang='lat' dir='ltr'><strong>eum</strong></span> <span class='ocrx_word' id='word_1_52' title='bbox 1033 1106 1216 1170; x_wconf 72' lang='lat' dir='ltr'><strong>videus]</strong></span> <span class='ocrx_word' id='word_1_53' title='bbox 1261 1105 1350 1158; x_wconf 88' lang='lat' dir='ltr'><strong>Ita</strong></span> <span class='ocrx_word' id='word_1_54' title='bbox 1372 1121 1456 1157; x_wconf 80' lang='lat' dir='ltr'><strong>ve-</strong></span> 
     </span>
     <span class='ocr_line' id='line_1_10' title="bbox 398 1184 999 1250; baseline -0.003 -13"><span class='ocrx_word' id='word_1_55' title='bbox 398 1194 540 1238; x_wconf 87' lang='lat' dir='ltr'><strong>teres</strong></span> <span class='ocrx_word' id='word_1_56' title='bbox 561 1186 788 1250; x_wconf 87' lang='lat' dir='ltr'><strong>quidam.</strong></span> <span class='ocrx_word' id='word_1_57' title='bbox 827 1184 999 1245; x_wconf 66' lang='lat' dir='ltr'><strong>Gffaem.</strong></span> 
     </span>
    </p>

    <p class='ocr_par' dir='ltr' id='par_1_5' title="bbox 367 1258 1468 2528">
     <span class='ocr_line' id='line_1_11' title="bbox 467 1258 1460 1323; baseline -0.004 -10"><span class='ocrx_word' id='word_1_58' title='bbox 467 1268 564 1314; x_wconf 79' lang='grc'><strong>577</strong></span> <span class='ocrx_word' id='word_1_59' title='bbox 597 1264 701 1311; x_wconf 80' lang='lat' dir='ltr'><strong>Per</strong></span> <span class='ocrx_word' id='word_1_60' title='bbox 746 1264 847 1311; x_wconf 71' lang='lat' dir='ltr'><strong>toea</strong></span> <span class='ocrx_word' id='word_1_61' title='bbox 885 1260 1007 1323; x_wconf 80' lang='lat' dir='ltr'><strong>solo]</strong></span> <span class='ocrx_word' id='word_1_62' title='bbox 1060 1261 1168 1309; x_wconf 87' lang='lat' dir='ltr'><strong>Per</strong></span> <span class='ocrx_word' id='word_1_63' title='bbox 1209 1260 1326 1309; x_wconf 86' lang='lat' dir='ltr'><strong>loca</strong></span> <span class='ocrx_word' id='word_1_64' title='bbox 1368 1258 1460 1309; x_wconf 90' lang='lat' dir='ltr'><strong>de-</strong></span> 
     </span>
     <span class='ocr_line' id='line_1_12' title="bbox 400 1336 1460 1392; baseline -0.008 -1"><span class='ocrx_word' id='word_1_65' title='bbox 400 1347 559 1392; x_wconf 81' lang='lat' dir='ltr'><strong>serta.</strong></span> <span class='ocrx_word' id='word_1_66' title='bbox 591 1340 708 1389; x_wconf 86' lang='lat' dir='ltr'><strong>Ter.</strong></span> <span class='ocrx_word' id='word_1_67' title='bbox 729 1339 942 1388; x_wconf 81' lang='lat' dir='ltr'><strong>Phorm.</strong></span> <span class='ocrx_word' id='word_1_68' title='bbox 965 1342 1014 1386; x_wconf 77' lang='lat'><strong>⁵.</strong></span> <span class='ocrx_word' id='word_1_69' title='bbox 1037 1341 1084 1386; x_wconf 93' lang='grc'><strong>7.</strong></span> <span class='ocrx_word' id='word_1_70' title='bbox 1103 1341 1184 1385; x_wconf 79' lang='lat'><strong>86.</strong></span> <span class='ocrx_word' id='word_1_71' title='bbox 1234 1338 1249 1364; x_wconf 89' lang='lat'>‘</span> <span class='ocrx_word' id='word_1_72' title='bbox 1272 1336 1460 1385; x_wconf 86' lang='lat' dir='ltr'><strong>Nonne</strong></span> 
     </span>
     <span class='ocr_line' id='line_1_13' title="bbox 401 1410 1460 1480; baseline -0.007 -14"><span class='ocrx_word' id='word_1_73' title='bbox 401 1418 506 1466; x_wconf 81' lang='lat' dir='ltr'><strong>boe</strong></span> <span class='ocrx_word' id='word_1_74' title='bbox 539 1415 820 1480; x_wconf 77' lang='lat' dir='ltr'><strong>publicitus</strong></span> <span class='ocrx_word' id='word_1_75' title='bbox 857 1414 1026 1463; x_wconf 90' lang='lat' dir='ltr'><strong>scelus</strong></span> <span class='ocrx_word' id='word_1_76' title='bbox 1060 1412 1182 1461; x_wconf 83' lang='lat' dir='ltr'><strong>binc</strong></span> <span class='ocrx_word' id='word_1_77' title='bbox 1219 1410 1460 1473; x_wconf 83' lang='lat' dir='ltr'><strong>deporta·</strong></span> 
     </span>
     <span class='ocr_line' id='line_1_14' title="bbox 402 1485 1460 1546; baseline -0.009 -1"><span class='ocrx_word' id='word_1_78' title='bbox 402 1494 509 1546; x_wconf 84' lang='lat' dir='ltr'><strong>rier</strong></span> <span class='ocrx_word' id='word_1_79' title='bbox 530 1492 582 1541; x_wconf 83' lang='lat' dir='ltr'><strong>in</strong></span> <span class='ocrx_word' id='word_1_80' title='bbox 605 1492 738 1541; x_wconf 81' lang='lat' dir='ltr'><strong>solas</strong></span> <span class='ocrx_word' id='word_1_81' title='bbox 753 1489 967 1540; x_wconf 56' lang='lat' dir='ltr'><strong>terras?</strong></span> <span class='ocrx_word' id='word_1_82' title='bbox 1001 1488 1194 1539; x_wconf 82' lang='lat' dir='ltr'><strong>Catuli.</strong></span> <span class='ocrx_word' id='word_1_83' title='bbox 1219 1502 1378 1537; x_wconf 87' lang='lat' dir='ltr'><strong>carm.</strong></span> <span class='ocrx_word' id='word_1_84' title='bbox 1395 1485 1460 1535; x_wconf 87' lang='lat' dir='ltr'><strong>de</strong></span> 
     </span>
     <span class='ocr_line' id='line_1_15' title="bbox 404 1562 1462 1630; baseline -0.008 -11"><span class='ocrx_word' id='word_1_85' title='bbox 404 1570 552 1619; x_wconf 91' lang='lat' dir='ltr'><strong>Pelei</strong></span> <span class='ocrx_word' id='word_1_86' title='bbox 573 1576 630 1619; x_wconf 87' lang='lat' dir='ltr'><strong>et</strong></span> <span class='ocrx_word' id='word_1_87' title='bbox 649 1569 804 1618; x_wconf 76' lang='lat' dir='ltr'><strong>Thet.</strong></span> <span class='ocrx_word' id='word_1_88' title='bbox 836 1569 1005 1630; x_wconf 78' lang='lat' dir='ltr'><strong>Nupt.</strong></span> <span class='ocrx_word' id='word_1_89' title='bbox 1055 1566 1071 1593; x_wconf 92' lang='lat'>‘</span> <span class='ocrx_word' id='word_1_90' title='bbox 1099 1567 1375 1614; x_wconf 83' lang='lat' dir='ltr'><strong>Desertam</strong></span> <span class='ocrx_word' id='word_1_91' title='bbox 1409 1562 1462 1611; x_wconf 87' lang='lat' dir='ltr'><strong>in</strong></span> 
     </span>
     <span class='ocr_line' id='line_1_16' title="bbox 403 1638 1462 1705; baseline -0.005 -11"><span class='ocrx_word' id='word_1_92' title='bbox 403 1646 514 1695; x_wconf 85' lang='lat' dir='ltr'><strong>sola</strong></span> <span class='ocrx_word' id='word_1_93' title='bbox 531 1646 768 1705; x_wconf 80' lang='lat' dir='ltr'><strong>miseram</strong></span> <span class='ocrx_word' id='word_1_94' title='bbox 789 1658 846 1693; x_wconf 86' lang='lat' dir='ltr'><strong>se</strong></span> <span class='ocrx_word' id='word_1_95' title='bbox 870 1642 1040 1693; x_wconf 86' lang='lat' dir='ltr'><strong>cernit</strong></span> <span class='ocrx_word' id='word_1_96' title='bbox 1061 1638 1256 1689; x_wconf 64' lang='lat' dir='ltr'><strong>arena!</strong></span> <span class='ocrx_word' id='word_1_97' title='bbox 1309 1640 1462 1689; x_wconf 83' lang='lat' dir='ltr'><strong>Plau·</strong></span> 
     </span>
     <span class='ocr_line' id='line_1_17' title="bbox 405 1719 1463 1780; baseline -0.008 -10"><span class='ocrx_word' id='word_1_98' title='bbox 405 1728 490 1771; x_wconf 86' lang='lat' dir='ltr'><strong>tus</strong></span> <span class='ocrx_word' id='word_1_99' title='bbox 541 1720 784 1769; x_wconf 82' lang='lat' dir='ltr'><strong>Rudente</strong></span> <span class='ocrx_word' id='word_1_100' title='bbox 828 1724 874 1767; x_wconf 83' lang='lat'><strong>1.</strong></span> <span class='ocrx_word' id='word_1_101' title='bbox 918 1724 968 1769; x_wconf 77' lang='grc'><strong>4.</strong></span> <span class='ocrx_word' id='word_1_102' title='bbox 1013 1721 1062 1767; x_wconf 84' lang='grc'><strong>6.</strong></span> <span class='ocrx_word' id='word_1_103' title='bbox 1108 1719 1125 1745; x_wconf 90' lang='lat'>‘</span> <span class='ocrx_word' id='word_1_104' title='bbox 1147 1729 1316 1780; x_wconf 87' lang='lat' dir='ltr'><strong>neque</strong></span> <span class='ocrx_word' id='word_1_105' title='bbox 1361 1727 1463 1779; x_wconf 89' lang='lat' dir='ltr'><strong>qua</strong></span> 
     </span>
     <span class='ocr_line' id='line_1_18' title="bbox 407 1793 1460 1861; baseline -0.006 -16"><span class='ocrx_word' id='word_1_106' title='bbox 407 1810 650 1861; x_wconf 71' lang='lat' dir='ltr'><strong>quaeram,</strong></span> <span class='ocrx_word' id='word_1_107' title='bbox 671 1795 958 1845; x_wconf 86' lang='lat' dir='ltr'><strong>consultum</strong></span> <span class='ocrx_word' id='word_1_108' title='bbox 975 1802 1074 1854; x_wconf 82' lang='lat' dir='ltr'><strong>est,</strong></span> <span class='ocrx_word' id='word_1_109' title='bbox 1099 1793 1285 1857; x_wconf 81' lang='lat' dir='ltr'><strong>Neque</strong></span> <span class='ocrx_word' id='word_1_110' title='bbox 1307 1804 1460 1854; x_wconf 85' lang='lat' dir='ltr'><strong>quem</strong></span> 
     </span>
     <span class='ocr_line' id='line_1_19' title="bbox 405 1869 1460 1937; baseline -0.003 -15"><span class='ocrx_word' id='word_1_111' title='bbox 405 1874 642 1935; x_wconf 78' lang='lat' dir='ltr'><strong>rogitem,</strong></span> <span class='ocrx_word' id='word_1_112' title='bbox 667 1884 972 1937; x_wconf 86' lang='lat' dir='ltr'><strong>quemquam</strong></span> <span class='ocrx_word' id='word_1_113' title='bbox 994 1870 1198 1920; x_wconf 83' lang='lat' dir='ltr'><strong>interea</strong></span> <span class='ocrx_word' id='word_1_114' title='bbox 1219 1869 1424 1919; x_wconf 78' lang='lat' dir='ltr'><strong>invenio</strong></span> <span class='ocrx_word' id='word_1_115' title='bbox 1447 1885 1460 1919; x_wconf 71' lang='grc' dir='ltr'><strong>ε</strong></span> 
     </span>
     <span class='ocr_line' id='line_1_20' title="bbox 405 1948 1460 2013; baseline -0.003 -16"><span class='ocrx_word' id='word_1_116' title='bbox 405 1948 596 2013; x_wconf 85' lang='lat' dir='ltr'><strong>Neque</strong></span> <span class='ocrx_word' id='word_1_117' title='bbox 628 1948 790 2010; x_wconf 85' lang='lat' dir='ltr'><strong>magis</strong></span> <span class='ocrx_word' id='word_1_118' title='bbox 823 1948 952 1995; x_wconf 74' lang='lat' dir='ltr'><strong>solae</strong></span> <span class='ocrx_word' id='word_1_119' title='bbox 973 1953 1127 1995; x_wconf 60' lang='lat' dir='ltr'><strong>terre.</strong></span> <span class='ocrx_word' id='word_1_120' title='bbox 1151 1952 1289 2008; x_wconf 86' lang='lat' dir='ltr'><strong>suut,</strong></span> <span class='ocrx_word' id='word_1_121' title='bbox 1309 1960 1460 2009; x_wconf 88' lang='lat' dir='ltr'><strong>quam</strong></span> 
     </span>
     <span class='ocr_line' id='line_1_21' title="bbox 404 2020 1458 2085; baseline -0.004 -14"><span class='ocrx_word' id='word_1_122' title='bbox 404 2024 518 2073; x_wconf 80' lang='lat' dir='ltr'><strong>haee</strong></span> <span class='ocrx_word' id='word_1_123' title='bbox 541 2024 678 2081; x_wconf 83' lang='lat' dir='ltr'><strong>loca,</strong></span> <span class='ocrx_word' id='word_1_124' title='bbox 697 2029 852 2085; x_wconf 89' lang='lat' dir='ltr'><strong>atque</strong></span> <span class='ocrx_word' id='word_1_125' title='bbox 874 2021 950 2071; x_wconf 77' lang='lat' dir='ltr'><strong>lue</strong></span> <span class='ocrx_word' id='word_1_126' title='bbox 970 2020 1240 2085; x_wconf 60' lang='lat' dir='ltr'><strong>regiones?</strong></span> <span class='ocrx_word' id='word_1_127' title='bbox 1265 2021 1458 2072; x_wconf 77' lang='lat' dir='ltr'><strong>Lamb..</strong></span> 
     </span>
     <span class='ocr_line' id='line_1_22' title="bbox 367 2096 1464 2161; baseline -0.002 -14"><span class='ocrx_word' id='word_1_128' title='bbox 367 2104 374 2113; x_wconf 85' lang='lat'><em>&#39;</em></span> <span class='ocrx_word' id='word_1_129' title='bbox 469 2103 574 2147; x_wconf 80' lang='lat'><strong>580</strong></span> <span class='ocrx_word' id='word_1_130' title='bbox 613 2098 678 2145; x_wconf 75' lang='lat' dir='ltr'><strong>Et</strong></span> <span class='ocrx_word' id='word_1_131' title='bbox 697 2112 872 2159; x_wconf 73' lang='lat' dir='ltr'><strong>magau</strong></span> <span class='ocrx_word' id='word_1_132' title='bbox 898 2096 1152 2161; x_wconf 74' lang='lat' dir='ltr'><strong>dispersos]</strong></span> <span class='ocrx_word' id='word_1_133' title='bbox 1188 2098 1464 2147; x_wconf 83' lang='lat' dir='ltr'><strong>Lectorem</strong></span> 
     </span>
     <span class='ocr_line' id='line_1_23' title="bbox 405 2172 1466 2235; baseline -0.002 -11"><span class='ocrx_word' id='word_1_134' title='bbox 405 2189 514 2224; x_wconf 87' lang='lat' dir='ltr'><strong>non</strong></span> <span class='ocrx_word' id='word_1_135' title='bbox 551 2188 634 2221; x_wconf 87' lang='lat' dir='ltr'><strong>me</strong></span> <span class='ocrx_word' id='word_1_136' title='bbox 669 2173 867 2235; x_wconf 78' lang='lat' dir='ltr'><strong>pigebit</strong></span> <span class='ocrx_word' id='word_1_137' title='bbox 893 2173 1170 2222; x_wconf 83' lang='lat' dir='ltr'><strong>admouere</strong></span> <span class='ocrx_word' id='word_1_138' title='bbox 1193 2172 1260 2222; x_wconf 89' lang='lat' dir='ltr'><strong>de</strong></span> <span class='ocrx_word' id='word_1_139' title='bbox 1283 2187 1340 2221; x_wconf 91' lang='lat' dir='ltr'><strong>re</strong></span> <span class='ocrx_word' id='word_1_140' title='bbox 1364 2172 1466 2222; x_wconf 81' lang='lat' dir='ltr'><strong>levi</strong></span> 
     </span>
     <span class='ocr_line' id='line_1_24' title="bbox 405 2249 1466 2315; baseline -0.003 -15"><span class='ocrx_word' id='word_1_141' title='bbox 405 2250 617 2315; x_wconf 82' lang='lat' dir='ltr'><strong>quidem</strong></span> <span class='ocrx_word' id='word_1_142' title='bbox 665 2250 770 2309; x_wconf 82' lang='lat' dir='ltr'><strong>illa,</strong></span> <span class='ocrx_word' id='word_1_143' title='bbox 812 2249 904 2297; x_wconf 83' lang='lat' dir='ltr'><strong>sed</strong></span> <span class='ocrx_word' id='word_1_144' title='bbox 949 2255 1122 2298; x_wconf 83' lang='lat' dir='ltr'><strong>tamen</strong></span> <span class='ocrx_word' id='word_1_145' title='bbox 1164 2263 1266 2297; x_wconf 89' lang='lat' dir='ltr'><strong>non</strong></span> <span class='ocrx_word' id='word_1_146' title='bbox 1305 2249 1466 2313; x_wconf 83' lang='lat' dir='ltr'><strong>negli-</strong></span> 
     </span>
     <span class='ocr_line' id='line_1_25' title="bbox 409 2324 1466 2390; baseline -0.004 -13"><span class='ocrx_word' id='word_1_147' title='bbox 409 2326 594 2390; x_wconf 75' lang='lat' dir='ltr'><strong>genda,</strong></span> <span class='ocrx_word' id='word_1_148' title='bbox 613 2326 667 2374; x_wconf 87' lang='lat' dir='ltr'><strong>in</strong></span> <span class='ocrx_word' id='word_1_149' title='bbox 692 2324 872 2374; x_wconf 88' lang='lat' dir='ltr'><strong>codiee</strong></span> <span class='ocrx_word' id='word_1_150' title='bbox 895 2324 1202 2373; x_wconf 76' lang='lat' dir='ltr'><strong>Bertiniano</strong></span> <span class='ocrx_word' id='word_1_151' title='bbox 1218 2325 1466 2387; x_wconf 86' lang='lat' dir='ltr'><strong>seriptum</strong></span> 
     </span>
     <span class='ocr_line' id='line_1_26' title="bbox 411 2400 1468 2465; baseline -0.001 -14"><span class='ocrx_word' id='word_1_152' title='bbox 411 2416 526 2451; x_wconf 85' lang='lat' dir='ltr'><strong>esse</strong></span> <span class='ocrx_word' id='word_1_153' title='bbox 555 2416 732 2461; x_wconf 71' lang='lat' dir='ltr'><strong>magna</strong></span> <span class='ocrx_word' id='word_1_154' title='bbox 757 2400 1012 2464; x_wconf 77' lang='lat' dir='ltr'><strong>dispersus,</strong></span> <span class='ocrx_word' id='word_1_155' title='bbox 1035 2402 1296 2465; x_wconf 86' lang='lat' dir='ltr'><strong>mendose,</strong></span> <span class='ocrx_word' id='word_1_156' title='bbox 1315 2416 1348 2449; x_wconf 77' lang='lat' dir='ltr'><strong>u</strong></span> <span class='ocrx_word' id='word_1_157' title='bbox 1371 2416 1468 2465; x_wconf 89' lang='lat' dir='ltr'><strong>pro</strong></span> 
     </span>
     <span class='ocr_line' id='line_1_27' title="bbox 405 2478 656 2528; baseline -0.004 0"><span class='ocrx_word' id='word_1_158' title='bbox 405 2495 454 2528; x_wconf 84' lang='lat' dir='ltr'><strong>o.</strong></span> <span class='ocrx_word' id='word_1_159' title='bbox 487 2478 656 2528; x_wconf 76' lang='lat' dir='ltr'><strong>Lamb.</strong></span> 
     </span>
    </p>

    <p class='ocr_par' dir='ltr' id='par_1_6' title="bbox 411 2553 1492 4361">
     <span class='ocr_line' id='line_1_28' title="bbox 471 2553 1469 2617; baseline 0 -13"><span class='ocrx_word' id='word_1_160' title='bbox 471 2558 570 2605; x_wconf 75' lang='grc'><strong>681</strong></span> <span class='ocrx_word' id='word_1_161' title='bbox 605 2553 704 2603; x_wconf 79' lang='lat' dir='ltr'><strong>Sex</strong></span> <span class='ocrx_word' id='word_1_162' title='bbox 722 2554 887 2617; x_wconf 75' lang='lat' dir='ltr'><strong>etim,</strong></span> <span class='ocrx_word' id='word_1_163' title='bbox 911 2558 996 2603; x_wconf 79' lang='lat' dir='ltr'><strong>aut</strong></span> <span class='ocrx_word' id='word_1_164' title='bbox 1012 2554 1212 2616; x_wconf 73' lang='lat' dir='ltr'><strong>septem]</strong></span> <span class='ocrx_word' id='word_1_165' title='bbox 1257 2554 1469 2605; x_wconf 86' lang='lat' dir='ltr'><strong>Plutar-</strong></span> 
     </span>
     <span class='ocr_line' id='line_1_29' title="bbox 413 2628 1470 2693; baseline 0.001 -14"><span class='ocrx_word' id='word_1_166' title='bbox 413 2631 540 2679; x_wconf 81' lang='lat' dir='ltr'><strong>chus</strong></span> <span class='ocrx_word' id='word_1_167' title='bbox 582 2629 746 2679; x_wconf 82' lang='lat' dir='ltr'><strong>refert</strong></span> <span class='ocrx_word' id='word_1_168' title='bbox 775 2629 880 2693; x_wconf 71' lang='grc' dir='ltr'><strong>περὶ</strong></span> <span class='ocrx_word' id='word_1_169' title='bbox 917 2633 1010 2679; x_wconf 78' lang='grc' dir='ltr'><strong>τῶν</strong></span> <span class='ocrx_word' id='word_1_170' title='bbox 1049 2628 1337 2693; x_wconf 74' lang='grc' dir='ltr'><strong><em>ἀρεσκόντων</em></strong></span> <span class='ocrx_word' id='word_1_171' title='bbox 1369 2632 1470 2680; x_wconf 75' lang='grc' dir='ltr'><strong>τοῖς</strong></span> 
     </span>
     <span class='ocr_line' id='line_1_30' title="bbox 411 2704 1468 2768; baseline -0.001 -14"><span class='ocrx_word' id='word_1_172' title='bbox 411 2715 574 2767; x_wconf 54' lang='lat' dir='ltr'><strong>moe.</strong></span> <span class='ocrx_word' id='word_1_173' title='bbox 598 2708 700 2761; x_wconf 85' lang='grc' dir='ltr'><strong><em>βιβ.</em></strong></span> <span class='ocrx_word' id='word_1_174' title='bbox 721 2708 772 2761; x_wconf 83' lang='grc' dir='ltr'><strong>β.</strong></span> <span class='ocrx_word' id='word_1_175' title='bbox 797 2706 850 2753; x_wconf 90' lang='lat' dir='ltr'><strong>in</strong></span> <span class='ocrx_word' id='word_1_176' title='bbox 875 2704 1090 2767; x_wconf 76' lang='lat' dir='ltr'><strong>AEgypti</strong></span> <span class='ocrx_word' id='word_1_177' title='bbox 1120 2706 1468 2768; x_wconf 74' lang='lat' dir='ltr'>pyramidibus</span> 
     </span>
     <span class='ocr_line' id='line_1_31' title="bbox 417 2780 1470 2845; baseline -0.004 -12"><span class='ocrx_word' id='word_1_178' title='bbox 417 2797 592 2833; x_wconf 80' lang='lat' dir='ltr'><strong>vocem</strong></span> <span class='ocrx_word' id='word_1_179' title='bbox 623 2796 770 2831; x_wconf 84' lang='lat' dir='ltr'><strong>unam</strong></span> <span class='ocrx_word' id='word_1_180' title='bbox 804 2782 946 2830; x_wconf 83' lang='lat' dir='ltr'><strong>intus</strong></span> <span class='ocrx_word' id='word_1_181' title='bbox 979 2780 1191 2842; x_wconf 85' lang='lat' dir='ltr'><strong>editam,</strong></span> <span class='ocrx_word' id='word_1_182' title='bbox 1225 2787 1470 2845; x_wconf 85' lang='lat' dir='ltr'><strong>quattuor</strong></span> 
     </span>
     <span class='ocr_line' id='line_1_32' title="bbox 417 2856 1471 2921; baseline -0.002 -14"><span class='ocrx_word' id='word_1_183' title='bbox 417 2866 474 2907; x_wconf 86' lang='lat' dir='ltr'><strong>et</strong></span> <span class='ocrx_word' id='word_1_184' title='bbox 509 2859 734 2921; x_wconf 86' lang='lat' dir='ltr'><strong>quinque</strong></span> <span class='ocrx_word' id='word_1_185' title='bbox 773 2858 1012 2909; x_wconf 75' lang='lat' dir='ltr'><strong>reddere.</strong></span> <span class='ocrx_word' id='word_1_186' title='bbox 1078 2857 1226 2907; x_wconf 85' lang='lat' dir='ltr'><strong>Idem</strong></span> <span class='ocrx_word' id='word_1_187' title='bbox 1256 2858 1347 2907; x_wconf 87' lang='lat' dir='ltr'><strong>lib.</strong></span> <span class='ocrx_word' id='word_1_188' title='bbox 1369 2856 1471 2921; x_wconf 74' lang='grc' dir='ltr'><strong>περὶ</strong></span> 
     </span>
     <span class='ocr_line' id='line_1_33' title="bbox 413 2935 1472 2998; baseline -0.001 -15"><span class='ocrx_word' id='word_1_189' title='bbox 413 2935 646 2996; x_wconf 57' lang='lat' dir='ltr'><strong>&amp;osaea-x.</strong></span> <span class='ocrx_word' id='word_1_190' title='bbox 661 2936 712 2983; x_wconf 84' lang='lat' dir='ltr'><strong>in</strong></span> <span class='ocrx_word' id='word_1_191' title='bbox 731 2935 946 2998; x_wconf 79' lang='lat' dir='ltr'><strong>princip.</strong></span> <span class='ocrx_word' id='word_1_192' title='bbox 967 2941 1336 2983; x_wconf 79' lang='lat' dir='ltr'><strong>commemorat</strong></span> <span class='ocrx_word' id='word_1_193' title='bbox 1355 2950 1472 2997; x_wconf 89' lang='lat' dir='ltr'><strong>por-</strong></span> 
     </span>
     <span class='ocr_line' id='line_1_34' title="bbox 418 3007 1472 3073; baseline -0.002 -13"><span class='ocrx_word' id='word_1_194' title='bbox 418 3011 576 3060; x_wconf 82' lang='lat' dir='ltr'><strong>ticum</strong></span> <span class='ocrx_word' id='word_1_195' title='bbox 611 3010 884 3073; x_wconf 83' lang='lat' dir='ltr'><strong>quandam,</strong></span> <span class='ocrx_word' id='word_1_196' title='bbox 920 3023 1036 3073; x_wconf 82' lang='lat' dir='ltr'><strong>quae</strong></span> <span class='ocrx_word' id='word_1_197' title='bbox 1070 3007 1330 3071; x_wconf 81' lang='lat' dir='ltr'><strong>Olympiae</strong></span> <span class='ocrx_word' id='word_1_198' title='bbox 1353 3008 1472 3072; x_wconf 81' lang='lat' dir='ltr'><strong>fuit,</strong></span> 
     </span>
     <span class='ocr_line' id='line_1_35' title="bbox 417 3084 1474 3149; baseline 0.001 -15"><span class='ocrx_word' id='word_1_199' title='bbox 417 3084 688 3149; x_wconf 70' lang='grc' dir='ltr'><strong><em>ἑπτάφωνον</em></strong></span> <span class='ocrx_word' id='word_1_200' title='bbox 730 3085 1064 3148; x_wconf 77' lang='lat' dir='ltr'><strong>appellatam,</strong></span> <span class='ocrx_word' id='word_1_201' title='bbox 1109 3084 1230 3147; x_wconf 87' lang='lat' dir='ltr'><strong>quia</strong></span> <span class='ocrx_word' id='word_1_202' title='bbox 1271 3084 1474 3135; x_wconf 85' lang='lat' dir='ltr'><strong>scilieet</strong></span> 
     </span>
     <span class='ocr_line' id='line_1_36' title="bbox 417 3158 1474 3224; baseline -0.001 -16"><span class='ocrx_word' id='word_1_203' title='bbox 417 3176 594 3211; x_wconf 78' lang='lat' dir='ltr'><strong>vocem</strong></span> <span class='ocrx_word' id='word_1_204' title='bbox 639 3161 832 3224; x_wconf 87' lang='lat' dir='ltr'><strong>septies</strong></span> <span class='ocrx_word' id='word_1_205' title='bbox 873 3162 1110 3209; x_wconf 77' lang='lat' dir='ltr'><strong>iteraret.</strong></span> <span class='ocrx_word' id='word_1_206' title='bbox 1192 3158 1474 3209; x_wconf 76' lang='lat' dir='ltr'><strong>Pausanias</strong></span> 
     </span>
     <span class='ocr_line' id='line_1_37' title="bbox 419 3234 1475 3297; baseline -0.002 -12"><span class='ocrx_word' id='word_1_207' title='bbox 419 3237 652 3285; x_wconf 81' lang='lat' dir='ltr'><strong>Corinth.</strong></span> <span class='ocrx_word' id='word_1_208' title='bbox 693 3241 871 3283; x_wconf 88' lang='lat' dir='ltr'><strong>narrat</strong></span> <span class='ocrx_word' id='word_1_209' title='bbox 910 3234 975 3283; x_wconf 84' lang='lat' dir='ltr'><strong>ad</strong></span> <span class='ocrx_word' id='word_1_210' title='bbox 1013 3235 1252 3283; x_wconf 80' lang='lat' dir='ltr'><strong>dextram</strong></span> <span class='ocrx_word' id='word_1_211' title='bbox 1294 3236 1475 3297; x_wconf 85' lang='lat' dir='ltr'><strong>templi</strong></span> 
     </span>
     <span class='ocr_line' id='line_1_38' title="bbox 419 3310 1477 3373; baseline 0.001 -14"><span class='ocrx_word' id='word_1_212' title='bbox 419 3311 688 3361; x_wconf 77' lang='lat' dir='ltr'><strong>Cbtboaiae</strong></span> <span class='ocrx_word' id='word_1_213' title='bbox 749 3312 974 3371; x_wconf 83' lang='lat' dir='ltr'><strong>Cereris,</strong></span> <span class='ocrx_word' id='word_1_214' title='bbox 1033 3310 1288 3373; x_wconf 88' lang='lat' dir='ltr'><strong>porticum</strong></span> <span class='ocrx_word' id='word_1_215' title='bbox 1343 3326 1477 3372; x_wconf 82' lang='lat' dir='ltr'><strong>esse,</strong></span> 
     </span>
     <span class='ocr_line' id='line_1_39' title="bbox 418 3386 1478 3450; baseline 0 -14"><span class='ocrx_word' id='word_1_216' title='bbox 418 3401 568 3450; x_wconf 72' lang='lat' dir='ltr'><strong>quam</strong></span> <span class='ocrx_word' id='word_1_217' title='bbox 589 3388 774 3437; x_wconf 75' lang='lat' dir='ltr'><strong>iucolae</strong></span> <span class='ocrx_word' id='word_1_218' title='bbox 795 3387 1020 3441; x_wconf 85' lang='lat' dir='ltr'><strong>Echonis</strong></span> <span class='ocrx_word' id='word_1_219' title='bbox 1042 3386 1296 3449; x_wconf 86' lang='lat' dir='ltr'><strong>porticum</strong></span> <span class='ocrx_word' id='word_1_220' title='bbox 1323 3388 1478 3436; x_wconf 87' lang='lat' dir='ltr'><strong>nomi·</strong></span> 
     </span>
     <span class='ocr_line' id='line_1_40' title="bbox 420 3462 1478 3525; baseline 0 -15"><span class='ocrx_word' id='word_1_221' title='bbox 420 3468 577 3511; x_wconf 81' lang='lat' dir='ltr'><strong>nant:</strong></span> <span class='ocrx_word' id='word_1_222' title='bbox 615 3462 763 3525; x_wconf 86' lang='lat' dir='ltr'><strong>cujus</strong></span> <span class='ocrx_word' id='word_1_223' title='bbox 787 3477 850 3511; x_wconf 86' lang='lat' dir='ltr'><strong>ea</strong></span> <span class='ocrx_word' id='word_1_224' title='bbox 882 3470 1066 3511; x_wconf 83' lang='lat' dir='ltr'><strong>natura</strong></span> <span class='ocrx_word' id='word_1_225' title='bbox 1099 3462 1184 3519; x_wconf 88' lang='lat' dir='ltr'><strong>sit,</strong></span> <span class='ocrx_word' id='word_1_226' title='bbox 1220 3469 1278 3511; x_wconf 88' lang='lat' dir='ltr'><strong>ut</strong></span> <span class='ocrx_word' id='word_1_227' title='bbox 1300 3463 1478 3525; x_wconf 84' lang='lat' dir='ltr'><strong>imagi·</strong></span> 
     </span>
     <span class='ocr_line' id='line_1_41' title="bbox 421 3537 1478 3601; baseline 0 -15"><span class='ocrx_word' id='word_1_228' title='bbox 421 3552 538 3587; x_wconf 81' lang='lat' dir='ltr'><strong>nem</strong></span> <span class='ocrx_word' id='word_1_229' title='bbox 561 3539 702 3587; x_wconf 79' lang='lat' dir='ltr'><strong>vocis</strong></span> <span class='ocrx_word' id='word_1_230' title='bbox 725 3537 975 3601; x_wconf 81' lang='lat' dir='ltr'><strong>triplicet.</strong></span> <span class='ocrx_word' id='word_1_231' title='bbox 1032 3539 1144 3587; x_wconf 82' lang='lat' dir='ltr'><strong>Nos</strong></span> <span class='ocrx_word' id='word_1_232' title='bbox 1165 3540 1217 3586; x_wconf 92' lang='lat' dir='ltr'><strong>in</strong></span> <span class='ocrx_word' id='word_1_233' title='bbox 1241 3538 1356 3588; x_wconf 84' lang='lat' dir='ltr'><strong>vico</strong></span> <span class='ocrx_word' id='word_1_234' title='bbox 1380 3540 1478 3588; x_wconf 82' lang='lat' dir='ltr'><strong>Lu·</strong></span> 
     </span>
     <span class='ocr_line' id='line_1_42' title="bbox 422 3614 1479 3678; baseline -0.003 -12"><span class='ocrx_word' id='word_1_235' title='bbox 422 3614 565 3666; x_wconf 79' lang='lat' dir='ltr'><strong>tetiae</strong></span> <span class='ocrx_word' id='word_1_236' title='bbox 608 3614 882 3663; x_wconf 88' lang='lat' dir='ltr'><strong>admodum</strong></span> <span class='ocrx_word' id='word_1_237' title='bbox 939 3614 1247 3677; x_wconf 85' lang='lat' dir='ltr'><strong>propinquo,</strong></span> <span class='ocrx_word' id='word_1_238' title='bbox 1291 3615 1479 3678; x_wconf 78' lang='lat' dir='ltr'><strong>(distat</strong></span> 
     </span>
     <span class='ocr_line' id='line_1_43' title="bbox 420 3690 1478 3754; baseline 0.001 -14"><span class='ocrx_word' id='word_1_239' title='bbox 420 3690 558 3740; x_wconf 88' lang='lat' dir='ltr'><strong>enim</strong></span> <span class='ocrx_word' id='word_1_240' title='bbox 608 3692 676 3741; x_wconf 86' lang='lat' dir='ltr'><strong>ab</strong></span> <span class='ocrx_word' id='word_1_241' title='bbox 719 3691 850 3741; x_wconf 87' lang='lat' dir='ltr'><strong>urbe</strong></span> <span class='ocrx_word' id='word_1_242' title='bbox 899 3706 1004 3744; x_wconf 84' lang='lat' dir='ltr'><strong>non</strong></span> <span class='ocrx_word' id='word_1_243' title='bbox 1053 3692 1216 3739; x_wconf 90' lang='lat' dir='ltr'><strong>multo</strong></span> <span class='ocrx_word' id='word_1_244' title='bbox 1263 3694 1478 3754; x_wconf 85' lang='lat' dir='ltr'><strong>amplius</strong></span> 
     </span>
     <span class='ocr_line' id='line_1_44' title="bbox 422 3766 1478 3831; baseline 0 -16"><span class='ocrx_word' id='word_1_245' title='bbox 422 3782 577 3831; x_wconf 87' lang='lat' dir='ltr'><strong>quam</strong></span> <span class='ocrx_word' id='word_1_246' title='bbox 593 3767 692 3815; x_wconf 85' lang='lat' dir='ltr'><strong>tria</strong></span> <span class='ocrx_word' id='word_1_247' title='bbox 707 3768 866 3816; x_wconf 85' lang='lat' dir='ltr'><strong>millia</strong></span> <span class='ocrx_word' id='word_1_248' title='bbox 887 3782 1122 3831; x_wconf 77' lang='lat' dir='ltr'><strong>passuum</strong></span> <span class='ocrx_word' id='word_1_249' title='bbox 1130 3766 1170 3830; x_wconf 83' lang='lat'><strong>,)</strong></span> <span class='ocrx_word' id='word_1_250' title='bbox 1185 3768 1266 3815; x_wconf 89' lang='lat' dir='ltr'><strong>cui</strong></span> <span class='ocrx_word' id='word_1_251' title='bbox 1292 3782 1478 3816; x_wconf 86' lang='lat' dir='ltr'><strong>nornen</strong></span> 
     </span>
     <span class='ocr_line' id='line_1_45' title="bbox 424 3844 1482 3907; baseline 0.002 -16"><span class='ocrx_word' id='word_1_252' title='bbox 424 3849 505 3892; x_wconf 89' lang='lat' dir='ltr'><strong>est</strong></span> <span class='ocrx_word' id='word_1_253' title='bbox 531 3844 786 3907; x_wconf 60' lang='grc' dir='ltr'><strong>(Παιανιέι),</strong></span> <span class='ocrx_word' id='word_1_254' title='bbox 807 3844 1067 3894; x_wconf 86' lang='lat' dir='ltr'><strong>Eehonem</strong></span> <span class='ocrx_word' id='word_1_255' title='bbox 1087 3844 1372 3893; x_wconf 86' lang='lat' dir='ltr'><strong>audivimus</strong></span> <span class='ocrx_word' id='word_1_256' title='bbox 1395 3858 1482 3893; x_wconf 82' lang='lat' dir='ltr'><strong>vo-</strong></span> 
     </span>
     <span class='ocr_line' id='line_1_46' title="bbox 425 3918 1484 3982; baseline -0.001 -13"><span class='ocrx_word' id='word_1_257' title='bbox 425 3932 512 3969; x_wconf 80' lang='lat' dir='ltr'><strong>ees</strong></span> <span class='ocrx_word' id='word_1_258' title='bbox 536 3919 736 3982; x_wconf 86' lang='lat' dir='ltr'><strong>septies</strong></span> <span class='ocrx_word' id='word_1_259' title='bbox 758 3920 1052 3969; x_wconf 75' lang='lat' dir='ltr'><strong>iterantem.</strong></span> <span class='ocrx_word' id='word_1_260' title='bbox 1115 3918 1220 3967; x_wconf 89' lang='lat' dir='ltr'><strong>Sed</strong></span> <span class='ocrx_word' id='word_1_261' title='bbox 1245 3918 1367 3982; x_wconf 88' lang='lat' dir='ltr'><strong>quid</strong></span> <span class='ocrx_word' id='word_1_262' title='bbox 1387 3920 1484 3968; x_wconf 88' lang='lat' dir='ltr'><strong>mi-</strong></span> 
     </span>
     <span class='ocr_line' id='line_1_47' title="bbox 427 3993 1485 4058; baseline 0.004 -17"><span class='ocrx_word' id='word_1_263' title='bbox 427 4008 538 4043; x_wconf 81' lang='lat' dir='ltr'><strong>rum</strong></span> <span class='ocrx_word' id='word_1_264' title='bbox 562 4001 662 4055; x_wconf 83' lang='lat' dir='ltr'><strong>ter,</strong></span> <span class='ocrx_word' id='word_1_265' title='bbox 682 4002 889 4058; x_wconf 85' lang='lat' dir='ltr'><strong>quater,</strong></span> <span class='ocrx_word' id='word_1_266' title='bbox 909 3993 1196 4057; x_wconf 75' lang='lat' dir='ltr'><strong>quinquies,</strong></span> <span class='ocrx_word' id='word_1_267' title='bbox 1219 3994 1409 4055; x_wconf 83' lang='lat' dir='ltr'><strong>sexies,</strong></span> <span class='ocrx_word' id='word_1_268' title='bbox 1428 4001 1485 4045; x_wconf 88' lang='lat' dir='ltr'><strong>et</strong></span> 
     </span>
     <span class='ocr_line' id='line_1_48' title="bbox 426 4068 1484 4131; baseline 0.001 -14"><span class='ocrx_word' id='word_1_269' title='bbox 426 4069 618 4131; x_wconf 78' lang='lat' dir='ltr'><strong>septies</strong></span> <span class='ocrx_word' id='word_1_270' title='bbox 677 4068 954 4131; x_wconf 82' lang='lat' dir='ltr'><strong>imaginem</strong></span> <span class='ocrx_word' id='word_1_271' title='bbox 1001 4068 1144 4117; x_wconf 81' lang='lat' dir='ltr'><strong>vocis</strong></span> <span class='ocrx_word' id='word_1_272' title='bbox 1191 4068 1370 4117; x_wconf 85' lang='lat' dir='ltr'><strong>iterari</strong></span> <span class='ocrx_word' id='word_1_273' title='bbox 1421 4083 1484 4118; x_wconf 83' lang='lat' dir='ltr'><strong>ac</strong></span> 
     </span>
     <span class='ocr_line' id='line_1_49' title="bbox 423 4144 1486 4208; baseline 0 -15"><span class='ocrx_word' id='word_1_274' title='bbox 423 4144 777 4208; x_wconf 82' lang='lat' dir='ltr'><strong>multiplicari,</strong></span> <span class='ocrx_word' id='word_1_275' title='bbox 801 4159 918 4195; x_wconf 88' lang='lat' dir='ltr'><strong>eum</strong></span> <span class='ocrx_word' id='word_1_276' title='bbox 941 4145 1116 4193; x_wconf 85' lang='lat' dir='ltr'><strong>Ticini</strong></span> <span class='ocrx_word' id='word_1_277' title='bbox 1138 4145 1188 4191; x_wconf 89' lang='lat' dir='ltr'><strong>in</strong></span> <span class='ocrx_word' id='word_1_278' title='bbox 1207 4145 1324 4193; x_wconf 86' lang='lat' dir='ltr'><strong>aula</strong></span> <span class='ocrx_word' id='word_1_279' title='bbox 1345 4160 1486 4207; x_wconf 77' lang='lat' dir='ltr'><strong>mag-</strong></span> 
     </span>
     <span class='ocr_line' id='line_1_50' title="bbox 427 4218 1492 4270; baseline 0.002 -3"><span class='ocrx_word' id='word_1_280' title='bbox 427 4234 494 4267; x_wconf 83' lang='lat' dir='ltr'><strong>na</strong></span> <span class='ocrx_word' id='word_1_281' title='bbox 516 4221 756 4270; x_wconf 80' lang='lat' dir='ltr'><strong>Basilieae</strong></span> <span class='ocrx_word' id='word_1_282' title='bbox 793 4226 878 4269; x_wconf 82' lang='lat' dir='ltr'><strong>ter</strong></span> <span class='ocrx_word' id='word_1_283' title='bbox 911 4227 967 4269; x_wconf 89' lang='lat' dir='ltr'><strong>et</strong></span> <span class='ocrx_word' id='word_1_284' title='bbox 999 4220 1168 4269; x_wconf 82' lang='lat' dir='ltr'><strong>decies</strong></span> <span class='ocrx_word' id='word_1_285' title='bbox 1195 4218 1492 4269; x_wconf 78' lang='lat' dir='ltr'><strong>referatur?</strong></span> 
     </span>
     <span class='ocr_line' id='line_1_51' title="bbox 433 4292 1486 4361; baseline 0.004 -20"><span class='ocrx_word' id='word_1_286' title='bbox 433 4292 625 4346; x_wconf 79' lang='lat' dir='ltr'><strong>Eadem</strong></span> <span class='ocrx_word' id='word_1_287' title='bbox 645 4302 820 4346; x_wconf 76' lang='lat' dir='ltr'><strong>autem</strong></span> <span class='ocrx_word' id='word_1_288' title='bbox 853 4294 1226 4361; x_wconf 83' lang='lat' dir='ltr'><strong>propemodum</strong></span> <span class='ocrx_word' id='word_1_289' title='bbox 1250 4296 1384 4345; x_wconf 80' lang='lat' dir='ltr'><strong>ratio</strong></span> <span class='ocrx_word' id='word_1_290' title='bbox 1405 4302 1486 4345; x_wconf 88' lang='lat' dir='ltr'><strong>est</strong></span> 
     </span>
    </p>
   </div>
   <div class='ocr_carea' id='block_1_3' title="bbox 1529 574 2619 4363">
    <p class='ocr_par' dir='ltr' id='par_1_7' title="bbox 1529 574 2613 3819">
     <span class='ocr_line' id='line_1_52' title="bbox 1533 574 2591 645; baseline 0.006 -21"><span class='ocrx_word' id='word_1_291' title='bbox 1533 574 1674 625; x_wconf 78' lang='lat' dir='ltr'><strong>vocis</strong></span> <span class='ocrx_word' id='word_1_292' title='bbox 1697 575 1935 640; x_wconf 75' lang='lat' dir='ltr'><strong>imaginis</strong></span> <span class='ocrx_word' id='word_1_293' title='bbox 1964 576 2155 641; x_wconf 58' lang='lat' dir='ltr'><strong>sepius</strong></span> <span class='ocrx_word' id='word_1_294' title='bbox 2178 576 2413 639; x_wconf 66' lang='lat' dir='ltr'><strong>reddite,</strong></span> <span class='ocrx_word' id='word_1_295' title='bbox 2433 584 2591 645; x_wconf 84' lang='lat' dir='ltr'><strong>atque</strong></span> 
     </span>
     <span class='ocr_line' id='line_1_53' title="bbox 1533 652 2591 717; baseline 0.005 -17"><span class='ocrx_word' id='word_1_296' title='bbox 1533 652 1807 717; x_wconf 75' lang='lat' dir='ltr'><strong>imaginum</strong></span> <span class='ocrx_word' id='word_1_297' title='bbox 1826 669 1857 704; x_wconf 87' lang='lat' dir='ltr'><strong>a</strong></span> <span class='ocrx_word' id='word_1_298' title='bbox 1878 653 2101 717; x_wconf 86' lang='lat' dir='ltr'><strong>speculis</strong></span> <span class='ocrx_word' id='word_1_299' title='bbox 2122 654 2173 701; x_wconf 86' lang='lat' dir='ltr'><strong>iu</strong></span> <span class='ocrx_word' id='word_1_300' title='bbox 2190 655 2403 717; x_wconf 79' lang='lat' dir='ltr'><strong>specula</strong></span> <span class='ocrx_word' id='word_1_301' title='bbox 2424 661 2591 705; x_wconf 84' lang='lat' dir='ltr'><strong>traus-</strong></span> 
     </span>
     <span class='ocr_line' id='line_1_54' title="bbox 1531 730 2591 797; baseline 0.007 -19"><span class='ocrx_word' id='word_1_302' title='bbox 1531 730 1769 779; x_wconf 85' lang='lat' dir='ltr'><strong>latarum.</strong></span> <span class='ocrx_word' id='word_1_303' title='bbox 1823 732 1941 782; x_wconf 84' lang='lat' dir='ltr'><strong>Jam</strong></span> <span class='ocrx_word' id='word_1_304' title='bbox 1974 730 2197 781; x_wconf 86' lang='lat' dir='ltr'><strong>Ecbonis</strong></span> <span class='ocrx_word' id='word_1_305' title='bbox 2232 733 2509 797; x_wconf 61' lang='lat' dir='ltr'><strong>exquisitas</strong></span> <span class='ocrx_word' id='word_1_306' title='bbox 2534 740 2591 785; x_wconf 86' lang='lat' dir='ltr'><strong>et</strong></span> 
     </span>
     <span class='ocr_line' id='line_1_55' title="bbox 1533 802 2593 871; baseline 0.005 -18"><span class='ocrx_word' id='word_1_307' title='bbox 1533 802 1781 867; x_wconf 68' lang='lat' dir='ltr'><strong>perfectae</strong></span> <span class='ocrx_word' id='word_1_308' title='bbox 1815 806 1931 855; x_wconf 69' lang='lat' dir='ltr'><strong>haee</strong></span> <span class='ocrx_word' id='word_1_309' title='bbox 1968 808 2176 871; x_wconf 82' lang='lat' dir='ltr'><strong>propria</strong></span> <span class='ocrx_word' id='word_1_310' title='bbox 2212 814 2353 868; x_wconf 87' lang='lat' dir='ltr'><strong>suut,</strong></span> <span class='ocrx_word' id='word_1_311' title='bbox 2392 815 2450 857; x_wconf 87' lang='lat' dir='ltr'><strong>ut</strong></span> <span class='ocrx_word' id='word_1_312' title='bbox 2482 809 2593 859; x_wconf 80' lang='lat' dir='ltr'><strong>cito</strong></span> 
     </span>
     <span class='ocr_line' id='line_1_56' title="bbox 1532 882 2589 945; baseline 0.004 -16"><span class='ocrx_word' id='word_1_313' title='bbox 1532 882 1861 945; x_wconf 85' lang='lat' dir='ltr'><strong>respondeat,</strong></span> <span class='ocrx_word' id='word_1_314' title='bbox 1890 890 1951 931; x_wconf 87' lang='lat' dir='ltr'><strong>ut</strong></span> <span class='ocrx_word' id='word_1_315' title='bbox 1983 884 2187 945; x_wconf 77' lang='lat' dir='ltr'><strong>longam</strong></span> <span class='ocrx_word' id='word_1_316' title='bbox 2214 883 2487 933; x_wconf 77' lang='lat' dir='ltr'><strong>verborum</strong></span> <span class='ocrx_word' id='word_1_317' title='bbox 2510 898 2589 933; x_wconf 86' lang='lat' dir='ltr'><strong>se·</strong></span> 
     </span>
     <span class='ocr_line' id='line_1_57' title="bbox 1531 957 2592 1022; baseline 0.006 -17"><span class='ocrx_word' id='word_1_318' title='bbox 1531 957 1659 1005; x_wconf 84' lang='lat' dir='ltr'><strong>riem</strong></span> <span class='ocrx_word' id='word_1_319' title='bbox 1683 965 1980 1020; x_wconf 79' lang='lat' dir='ltr'><strong>connectat,</strong></span> <span class='ocrx_word' id='word_1_320' title='bbox 2014 966 2072 1008; x_wconf 88' lang='lat' dir='ltr'><strong>ut</strong></span> <span class='ocrx_word' id='word_1_321' title='bbox 2108 958 2379 1022; x_wconf 75' lang='lat' dir='ltr'><strong>aliquoties</strong></span> <span class='ocrx_word' id='word_1_322' title='bbox 2404 966 2459 1009; x_wconf 88' lang='lat' dir='ltr'><strong>et</strong></span> <span class='ocrx_word' id='word_1_323' title='bbox 2492 960 2592 1011; x_wconf 82' lang='lat' dir='ltr'><strong>ite·</strong></span> 
     </span>
     <span class='ocr_line' id='line_1_58' title="bbox 1534 1032 2593 1096; baseline 0.005 -16"><span class='ocrx_word' id='word_1_324' title='bbox 1534 1046 1643 1081; x_wconf 87' lang='lat' dir='ltr'><strong>rum</strong></span> <span class='ocrx_word' id='word_1_325' title='bbox 1666 1039 1821 1096; x_wconf 87' lang='lat' dir='ltr'><strong>atque</strong></span> <span class='ocrx_word' id='word_1_326' title='bbox 1844 1032 2031 1083; x_wconf 86' lang='lat' dir='ltr'><strong>iterum</strong></span> <span class='ocrx_word' id='word_1_327' title='bbox 2054 1047 2237 1083; x_wconf 79' lang='lat' dir='ltr'><strong>vocem</strong></span> <span class='ocrx_word' id='word_1_328' title='bbox 2262 1036 2593 1087; x_wconf 76' lang='lat' dir='ltr'><strong>articulatam</strong></span> 
     </span>
     <span class='ocr_line' id='line_1_59' title="bbox 1531 1105 2593 1171; baseline 0.006 -17"><span class='ocrx_word' id='word_1_329' title='bbox 1531 1105 1749 1157; x_wconf 77' lang='lat' dir='ltr'><strong>referat.</strong></span> <span class='ocrx_word' id='word_1_330' title='bbox 1782 1108 1949 1159; x_wconf 67' lang='lat' dir='ltr'><strong>Las-b.</strong></span> <span class='ocrx_word' id='word_1_331' title='bbox 2010 1107 2113 1157; x_wconf 73' lang='lat' dir='ltr'><strong>Sex</strong></span> <span class='ocrx_word' id='word_1_332' title='bbox 2126 1108 2269 1159; x_wconf 71' lang='lat' dir='ltr'><strong>etiam</strong></span> <span class='ocrx_word' id='word_1_333' title='bbox 2282 1114 2473 1171; x_wconf 71' lang='lat' dir='ltr'><strong>septem.</strong></span> <span class='ocrx_word' id='word_1_334' title='bbox 2528 1110 2593 1161; x_wconf 86' lang='lat' dir='ltr'><strong>lu</strong></span> 
     </span>
     <span class='ocr_line' id='line_1_60' title="bbox 1531 1181 2591 1249; baseline 0.004 -18"><span class='ocrx_word' id='word_1_335' title='bbox 1531 1181 1679 1233; x_wconf 89' lang='lat' dir='ltr'><strong>libris</strong></span> <span class='ocrx_word' id='word_1_336' title='bbox 1717 1184 1861 1233; x_wconf 80' lang='lat' dir='ltr'><strong>etium</strong></span> <span class='ocrx_word' id='word_1_337' title='bbox 1900 1188 1985 1233; x_wconf 69' lang='lat' dir='ltr'><strong>unt</strong></span> <span class='ocrx_word' id='word_1_338' title='bbox 2017 1191 2208 1249; x_wconf 60' lang='lat' dir='ltr'><strong>septem</strong></span> <span class='ocrx_word' id='word_1_339' title='bbox 2280 1184 2392 1247; x_wconf 76' lang='lat' dir='ltr'><strong>Ego</strong></span> <span class='ocrx_word' id='word_1_340' title='bbox 2437 1199 2591 1245; x_wconf 79' lang='lat' dir='ltr'><strong>ausus</strong></span> 
     </span>
     <span class='ocr_line' id='line_1_61' title="bbox 1531 1258 2593 1309; baseline 0.002 -2"><span class='ocrx_word' id='word_1_341' title='bbox 1531 1272 1641 1307; x_wconf 88' lang='lat' dir='ltr'><strong>sum</strong></span> <span class='ocrx_word' id='word_1_342' title='bbox 1676 1258 1802 1307; x_wconf 91' lang='lat' dir='ltr'><strong>illud</strong></span> <span class='ocrx_word' id='word_1_343' title='bbox 1838 1264 1923 1309; x_wconf 73' lang='lat' dir='ltr'><strong>cut</strong></span> <span class='ocrx_word' id='word_1_344' title='bbox 1954 1258 2218 1309; x_wconf 88' lang='lat' dir='ltr'><strong>inducere.</strong></span> <span class='ocrx_word' id='word_1_345' title='bbox 2287 1258 2425 1309; x_wconf 84' lang='lat' dir='ltr'><strong>Vide</strong></span> <span class='ocrx_word' id='word_1_346' title='bbox 2448 1259 2593 1309; x_wconf 90' lang='lat' dir='ltr'><strong>Indi-</strong></span> 
     </span>
     <span class='ocr_line' id='line_1_62' title="bbox 1533 1334 2591 1398; baseline 0.002 -15"><span class='ocrx_word' id='word_1_347' title='bbox 1533 1348 1679 1383; x_wconf 84' lang='lat' dir='ltr'><strong>eem:</strong></span> <span class='ocrx_word' id='word_1_348' title='bbox 1737 1336 1753 1363; x_wconf 78' lang='lat'><strong>⁴</strong></span> <span class='ocrx_word' id='word_1_349' title='bbox 1791 1335 1898 1384; x_wconf 84' lang='lat' dir='ltr'><strong>Sex</strong></span> <span class='ocrx_word' id='word_1_350' title='bbox 1945 1334 2185 1398; x_wconf 90' lang='lat' dir='ltr'><strong>septem.’</strong></span> <span class='ocrx_word' id='word_1_351' title='bbox 2242 1334 2415 1394; x_wconf 71' lang='lat' dir='ltr'><strong>Gifua.</strong></span> <span class='ocrx_word' id='word_1_352' title='bbox 2504 1337 2591 1385; x_wconf 90' lang='lat' dir='ltr'><strong>De</strong></span> 
     </span>
     <span class='ocr_line' id='line_1_63' title="bbox 1533 1412 2594 1477; baseline 0.003 -16"><span class='ocrx_word' id='word_1_353' title='bbox 1533 1412 1751 1474; x_wconf 78' lang='lat' dir='ltr'><strong>echone,</strong></span> <span class='ocrx_word' id='word_1_354' title='bbox 1772 1427 1863 1461; x_wconf 91' lang='lat' dir='ltr'><strong>seu</strong></span> <span class='ocrx_word' id='word_1_355' title='bbox 1892 1414 1907 1441; x_wconf 88' lang='lat'>‘</span> <span class='ocrx_word' id='word_1_356' title='bbox 1929 1412 2071 1462; x_wconf 80' lang='lat' dir='ltr'><strong>vocis</strong></span> <span class='ocrx_word' id='word_1_357' title='bbox 2092 1412 2346 1475; x_wconf 67' lang='lat' dir='ltr'><strong>imagini-,⁸</strong></span> <span class='ocrx_word' id='word_1_358' title='bbox 2380 1414 2455 1461; x_wconf 88' lang='lat' dir='ltr'><strong>uti</strong></span> <span class='ocrx_word' id='word_1_359' title='bbox 2478 1416 2594 1477; x_wconf 85' lang='lat' dir='ltr'><strong>plus</strong></span> 
     </span>
     <span class='ocr_line' id='line_1_64' title="bbox 1535 1486 2595 1549; baseline 0.005 -14"><span class='ocrx_word' id='word_1_360' title='bbox 1535 1488 1699 1536; x_wconf 87' lang='lat' dir='ltr'><strong>semel</strong></span> <span class='ocrx_word' id='word_1_361' title='bbox 1714 1488 1919 1537; x_wconf 79' lang='lat' dir='ltr'><strong>vocavit</strong></span> <span class='ocrx_word' id='word_1_362' title='bbox 1940 1487 2206 1549; x_wconf 82' lang='lat' dir='ltr'><strong>Horatius,</strong></span> <span class='ocrx_word' id='word_1_363' title='bbox 2227 1487 2385 1537; x_wconf 84' lang='lat' dir='ltr'><strong>verba</strong></span> <span class='ocrx_word' id='word_1_364' title='bbox 2400 1486 2595 1540; x_wconf 79' lang='lat' dir='ltr'><strong>faciens</strong></span> 
     </span>
     <span class='ocr_line' id='line_1_65' title="bbox 1536 1562 2595 1617; baseline 0.006 -6"><span class='ocrx_word' id='word_1_365' title='bbox 1536 1562 1809 1611; x_wconf 88' lang='lat' dir='ltr'><strong>Lucretius</strong></span> <span class='ocrx_word' id='word_1_366' title='bbox 1839 1563 1953 1612; x_wconf 78' lang='lat' dir='ltr'><strong>baec</strong></span> <span class='ocrx_word' id='word_1_367' title='bbox 1996 1563 2211 1615; x_wconf 75' lang='lat' dir='ltr'><strong>scribit:</strong></span> <span class='ocrx_word' id='word_1_368' title='bbox 2253 1566 2268 1592; x_wconf 89' lang='lat'>‘</span> <span class='ocrx_word' id='word_1_369' title='bbox 2292 1564 2398 1613; x_wconf 81' lang='lat' dir='ltr'><strong>Sea</strong></span> <span class='ocrx_word' id='word_1_370' title='bbox 2437 1565 2595 1617; x_wconf 79' lang='lat' dir='ltr'><strong>etiam</strong></span> 
     </span>
     <span class='ocr_line' id='line_1_66' title="bbox 1535 1638 2596 1704; baseline 0.004 -19"><span class='ocrx_word' id='word_1_371' title='bbox 1535 1642 1627 1686; x_wconf 86' lang='lat' dir='ltr'><strong>aut</strong></span> <span class='ocrx_word' id='word_1_372' title='bbox 1648 1644 1849 1702; x_wconf 87' lang='lat' dir='ltr'><strong>septem</strong></span> <span class='ocrx_word' id='word_1_373' title='bbox 1871 1638 1987 1687; x_wconf 87' lang='lat' dir='ltr'><strong>loca</strong></span> <span class='ocrx_word' id='word_1_374' title='bbox 2018 1638 2125 1688; x_wconf 86' lang='lat' dir='ltr'><strong>vidi</strong></span> <span class='ocrx_word' id='word_1_375' title='bbox 2161 1639 2384 1689; x_wconf 86' lang='lat' dir='ltr'><strong>reddere</strong></span> <span class='ocrx_word' id='word_1_376' title='bbox 2416 1656 2596 1704; x_wconf 82' lang='lat' dir='ltr'><strong>voces,</strong></span> 
     </span>
     <span class='ocr_line' id='line_1_67' title="bbox 1535 1714 2594 1777; baseline 0.004 -14"><span class='ocrx_word' id='word_1_377' title='bbox 1535 1714 1705 1763; x_wconf 82' lang='lat' dir='ltr'><strong>Unam</strong></span> <span class='ocrx_word' id='word_1_378' title='bbox 1736 1728 1853 1764; x_wconf 86' lang='lat' dir='ltr'><strong>cum</strong></span> <span class='ocrx_word' id='word_1_379' title='bbox 1877 1714 2115 1777; x_wconf 85' lang='lat' dir='ltr'><strong>jaceres:</strong></span> <span class='ocrx_word' id='word_1_380' title='bbox 2152 1716 2231 1765; x_wconf 85' lang='lat' dir='ltr'><strong>ita</strong></span> <span class='ocrx_word' id='word_1_381' title='bbox 2264 1718 2426 1766; x_wconf 87' lang='lat' dir='ltr'><strong>colles</strong></span> <span class='ocrx_word' id='word_1_382' title='bbox 2447 1718 2594 1767; x_wconf 86' lang='lat' dir='ltr'><strong>colli-</strong></span> 
     </span>
     <span class='ocr_line' id='line_1_68' title="bbox 1535 1787 2597 1854; baseline 0.008 -18"><span class='ocrx_word' id='word_1_383' title='bbox 1535 1787 1631 1837; x_wconf 87' lang='lat' dir='ltr'><strong>bus</strong></span> <span class='ocrx_word' id='word_1_384' title='bbox 1651 1789 1779 1853; x_wconf 87' lang='lat' dir='ltr'><strong>ipsis</strong></span> <span class='ocrx_word' id='word_1_385' title='bbox 1796 1790 1971 1839; x_wconf 84' lang='lat' dir='ltr'><strong>Verba</strong></span> <span class='ocrx_word' id='word_1_386' title='bbox 1988 1792 2309 1854; x_wconf 86' lang='lat' dir='ltr'><strong>repulsantes</strong></span> <span class='ocrx_word' id='word_1_387' title='bbox 2330 1792 2597 1845; x_wconf 85' lang='lat' dir='ltr'><strong>iterabant</strong></span> 
     </span>
     <span class='ocr_line' id='line_1_69' title="bbox 1536 1863 2596 1931; baseline 0.007 -19"><span class='ocrx_word' id='word_1_388' title='bbox 1536 1863 1677 1917; x_wconf 85' lang='lat' dir='ltr'><strong>dicta</strong></span> <span class='ocrx_word' id='word_1_389' title='bbox 1710 1863 1940 1915; x_wconf 62' lang='lat' dir='ltr'><strong>referre?</strong></span> <span class='ocrx_word' id='word_1_390' title='bbox 2005 1866 2110 1915; x_wconf 88' lang='lat' dir='ltr'><strong>Sed</strong></span> <span class='ocrx_word' id='word_1_391' title='bbox 2146 1882 2245 1931; x_wconf 77' lang='lat' dir='ltr'><strong>ego</strong></span> <span class='ocrx_word' id='word_1_392' title='bbox 2284 1869 2421 1919; x_wconf 86' lang='lat' dir='ltr'><strong>istud</strong></span> <span class='ocrx_word' id='word_1_393' title='bbox 2445 1871 2596 1919; x_wconf 76' lang='lat' dir='ltr'><strong>itera·</strong></span> 
     </span>
     <span class='ocr_line' id='line_1_70' title="bbox 1538 1939 2596 2001; baseline 0.005 -13"><span class='ocrx_word' id='word_1_394' title='bbox 1538 1940 1651 1989; x_wconf 72' lang='lat' dir='ltr'><strong>bant</strong></span> <span class='ocrx_word' id='word_1_395' title='bbox 1680 1939 1879 2001; x_wconf 68' lang='lat' dir='ltr'><strong>referre,</strong></span> <span class='ocrx_word' id='word_1_396' title='bbox 1912 1940 2289 1991; x_wconf 85' lang='lat' dir='ltr'><strong>vitiosissimum</strong></span> <span class='ocrx_word' id='word_1_397' title='bbox 2314 1958 2427 1992; x_wconf 90' lang='lat' dir='ltr'><strong>esse</strong></span> <span class='ocrx_word' id='word_1_398' title='bbox 2462 1958 2596 1993; x_wconf 85' lang='lat' dir='ltr'><strong>sem·</strong></span> 
     </span>
     <span class='ocr_line' id='line_1_71' title="bbox 1541 2014 2603 2082; baseline 0.006 -19"><span class='ocrx_word' id='word_1_399' title='bbox 1541 2029 1637 2079; x_wconf 89' lang='lat' dir='ltr'><strong>per</strong></span> <span class='ocrx_word' id='word_1_400' title='bbox 1669 2014 1973 2065; x_wconf 86' lang='lat' dir='ltr'><strong>arbitrabor.</strong></span> <span class='ocrx_word' id='word_1_401' title='bbox 2037 2016 2163 2063; x_wconf 85' lang='lat' dir='ltr'><strong>Tam</strong></span> <span class='ocrx_word' id='word_1_402' title='bbox 2194 2017 2329 2067; x_wconf 88' lang='lat' dir='ltr'><strong>enim</strong></span> <span class='ocrx_word' id='word_1_403' title='bbox 2362 2031 2478 2066; x_wconf 87' lang='lat' dir='ltr'><strong>eum</strong></span> <span class='ocrx_word' id='word_1_404' title='bbox 2514 2032 2603 2082; x_wconf 86' lang='lat' dir='ltr'><strong>pa-</strong></span> 
     </span>
     <span class='ocr_line' id='line_1_72' title="bbox 1541 2090 2601 2157; baseline 0.003 -16"><span class='ocrx_word' id='word_1_405' title='bbox 1541 2093 1737 2141; x_wconf 87' lang='lat' dir='ltr'><strong>tienter</strong></span> <span class='ocrx_word' id='word_1_406' title='bbox 1772 2090 1939 2141; x_wconf 83' lang='lat' dir='ltr'><strong>feram</strong></span> <span class='ocrx_word' id='word_1_407' title='bbox 1975 2093 2063 2157; x_wconf 91' lang='lat' dir='ltr'><strong>qui</strong></span> <span class='ocrx_word' id='word_1_408' title='bbox 2108 2093 2317 2153; x_wconf 80' lang='lat' dir='ltr'><strong>dixerit,</strong></span> <span class='ocrx_word' id='word_1_409' title='bbox 2362 2094 2601 2145; x_wconf 77' lang='lat' dir='ltr'><strong>iterabant</strong></span> 
     </span>
     <span class='ocr_line' id='line_1_73' title="bbox 1539 2168 2601 2233; baseline 0.002 -16"><span class='ocrx_word' id='word_1_410' title='bbox 1539 2168 1736 2231; x_wconf 74' lang='lat' dir='ltr'><strong>iterare,</strong></span> <span class='ocrx_word' id='word_1_411' title='bbox 1762 2182 1915 2231; x_wconf 84' lang='lat' dir='ltr'><strong>quam</strong></span> <span class='ocrx_word' id='word_1_412' title='bbox 1933 2170 2019 2233; x_wconf 88' lang='lat' dir='ltr'><strong>qui</strong></span> <span class='ocrx_word' id='word_1_413' title='bbox 2042 2168 2253 2230; x_wconf 81' lang='lat' dir='ltr'><strong>dixerit,</strong></span> <span class='ocrx_word' id='word_1_414' title='bbox 2274 2169 2512 2219; x_wconf 75' lang='lat' dir='ltr'><strong>iterabant</strong></span> <span class='ocrx_word' id='word_1_415' title='bbox 2528 2185 2601 2219; x_wconf 82' lang='lat' dir='ltr'><strong>re-</strong></span> 
     </span>
     <span class='ocr_line' id='line_1_74' title="bbox 1529 2245 2598 2310; baseline 0.001 -15"><span class='ocrx_word' id='word_1_416' title='bbox 1529 2248 1687 2307; x_wconf 81' lang='lat' dir='ltr'><strong>ferre.</strong></span> <span class='ocrx_word' id='word_1_417' title='bbox 1751 2246 2031 2310; x_wconf 80' lang='lat' dir='ltr'><strong>scripserit</strong></span> <span class='ocrx_word' id='word_1_418' title='bbox 2076 2246 2253 2309; x_wconf 85' lang='lat' dir='ltr'><strong>itaque</strong></span> <span class='ocrx_word' id='word_1_419' title='bbox 2296 2245 2468 2295; x_wconf 64' lang='lat' dir='ltr'><strong>Poeta</strong></span> <span class='ocrx_word' id='word_1_420' title='bbox 2510 2260 2598 2296; x_wconf 87' lang='lat' dir='ltr'><strong>ne-</strong></span> 
     </span>
     <span class='ocr_line' id='line_1_75' title="bbox 1543 2322 2603 2386; baseline -0.001 -13"><span class='ocrx_word' id='word_1_421' title='bbox 1543 2336 1691 2373; x_wconf 84' lang='lat' dir='ltr'><strong>cesse</strong></span> <span class='ocrx_word' id='word_1_422' title='bbox 1709 2328 1809 2384; x_wconf 89' lang='lat' dir='ltr'><strong>est,</strong></span> <span class='ocrx_word' id='word_1_423' title='bbox 1832 2337 1953 2385; x_wconf 87' lang='lat' dir='ltr'><strong>non,</strong></span> <span class='ocrx_word' id='word_1_424' title='bbox 1970 2328 2031 2373; x_wconf 90' lang='lat' dir='ltr'><strong>ut</strong></span> <span class='ocrx_word' id='word_1_425' title='bbox 2054 2323 2208 2386; x_wconf 78' lang='lat' dir='ltr'><strong>vulgo</strong></span> <span class='ocrx_word' id='word_1_426' title='bbox 2223 2322 2433 2386; x_wconf 75' lang='lat' dir='ltr'><strong>legitur,</strong></span> <span class='ocrx_word' id='word_1_427' title='bbox 2454 2323 2603 2372; x_wconf 79' lang='lat' dir='ltr'><strong>itera·</strong></span> 
     </span>
     <span class='ocr_line' id='line_1_76' title="bbox 1541 2400 2603 2465; baseline 0.001 -16"><span class='ocrx_word' id='word_1_428' title='bbox 1541 2400 1656 2449; x_wconf 77' lang='lat' dir='ltr'><strong>boat</strong></span> <span class='ocrx_word' id='word_1_429' title='bbox 1688 2401 1821 2450; x_wconf 76' lang='lat' dir='ltr'><strong>dictu</strong></span> <span class='ocrx_word' id='word_1_430' title='bbox 1838 2400 2036 2465; x_wconf 79' lang='lat' dir='ltr'><strong>referre,</strong></span> <span class='ocrx_word' id='word_1_431' title='bbox 2071 2401 2163 2451; x_wconf 85' lang='lat' dir='ltr'><strong>sed</strong></span> <span class='ocrx_word' id='word_1_432' title='bbox 2196 2400 2449 2449; x_wconf 76' lang='lat' dir='ltr'><strong>trudebant</strong></span> <span class='ocrx_word' id='word_1_433' title='bbox 2472 2401 2603 2450; x_wconf 79' lang='lat' dir='ltr'><strong>dictu</strong></span> 
     </span>
     <span class='ocr_line' id='line_1_77' title="bbox 1541 2476 2603 2541; baseline 0 -16"><span class='ocrx_word' id='word_1_434' title='bbox 1541 2477 1736 2539; x_wconf 83' lang='lat' dir='ltr'><strong>referre.</strong></span> <span class='ocrx_word' id='word_1_435' title='bbox 1806 2478 2084 2541; x_wconf 80' lang='lat' dir='ltr'><strong>Ingeniosa</strong></span> <span class='ocrx_word' id='word_1_436' title='bbox 2118 2476 2321 2526; x_wconf 88' lang='lat' dir='ltr'><strong>scilicet</strong></span> <span class='ocrx_word' id='word_1_437' title='bbox 2353 2482 2407 2526; x_wconf 90' lang='lat' dir='ltr'><strong>et</strong></span> <span class='ocrx_word' id='word_1_438' title='bbox 2440 2476 2603 2526; x_wconf 85' lang='lat' dir='ltr'><strong>admi-</strong></span> 
     </span>
     <span class='ocr_line' id='line_1_78' title="bbox 1544 2552 2606 2618; baseline 0.001 -17"><span class='ocrx_word' id='word_1_439' title='bbox 1544 2554 1695 2604; x_wconf 87' lang='lat' dir='ltr'><strong>rabili</strong></span> <span class='ocrx_word' id='word_1_440' title='bbox 1739 2553 2061 2618; x_wconf 77' lang='lat' dir='ltr'><strong>metaphora,</strong></span> <span class='ocrx_word' id='word_1_441' title='bbox 2102 2552 2167 2602; x_wconf 87' lang='lat' dir='ltr'><strong>ab</strong></span> <span class='ocrx_word' id='word_1_442' title='bbox 2210 2552 2271 2601; x_wconf 87' lang='lat' dir='ltr'><strong>iis</strong></span> <span class='ocrx_word' id='word_1_443' title='bbox 2310 2552 2469 2601; x_wconf 85' lang='lat' dir='ltr'><strong>ducta</strong></span> <span class='ocrx_word' id='word_1_444' title='bbox 2514 2552 2606 2615; x_wconf 86' lang='lat' dir='ltr'><strong>qui</strong></span> 
     </span>
     <span class='ocr_line' id='line_1_79' title="bbox 1543 2625 2603 2692; baseline -0.002 -14"><span class='ocrx_word' id='word_1_445' title='bbox 1543 2636 1823 2692; x_wconf 85' lang='lat' dir='ltr'><strong>exceptum</strong></span> <span class='ocrx_word' id='word_1_446' title='bbox 1857 2627 2051 2692; x_wconf 84' lang='lat' dir='ltr'><strong>aliquid</strong></span> <span class='ocrx_word' id='word_1_447' title='bbox 2089 2628 2200 2675; x_wconf 89' lang='lat' dir='ltr'><strong>aliis</strong></span> <span class='ocrx_word' id='word_1_448' title='bbox 2240 2625 2603 2691; x_wconf 81' lang='lat' dir='ltr'><strong>perferendum</strong></span> 
     </span>
     <span class='ocr_line' id='line_1_80' title="bbox 1542 2702 2607 2767; baseline -0.005 -11"><span class='ocrx_word' id='word_1_449' title='bbox 1542 2704 1808 2756; x_wconf 83' lang='lat' dir='ltr'><strong>mandant.</strong></span> <span class='ocrx_word' id='word_1_450' title='bbox 1838 2705 1955 2756; x_wconf 86' lang='lat' dir='ltr'><strong>Quo</strong></span> <span class='ocrx_word' id='word_1_451' title='bbox 1976 2704 2131 2753; x_wconf 87' lang='lat' dir='ltr'><strong>etiam</strong></span> <span class='ocrx_word' id='word_1_452' title='bbox 2154 2704 2303 2753; x_wconf 89' lang='lat' dir='ltr'><strong>ducit</strong></span> <span class='ocrx_word' id='word_1_453' title='bbox 2323 2702 2378 2751; x_wconf 73' lang='grc' dir='ltr'><strong>τὸ</strong></span> <span class='ocrx_word' id='word_1_454' title='bbox 2400 2704 2417 2731; x_wconf 90' lang='lat'>‘</span> <span class='ocrx_word' id='word_1_455' title='bbox 2432 2704 2607 2767; x_wconf 86' lang='lat' dir='ltr'><strong>repul-</strong></span> 
     </span>
     <span class='ocr_line' id='line_1_81' title="bbox 1543 2779 2605 2843; baseline 0.001 -14"><span class='ocrx_word' id='word_1_456' title='bbox 1543 2784 1752 2830; x_wconf 85' lang='lat' dir='ltr'><strong>santes.’</strong></span> <span class='ocrx_word' id='word_1_457' title='bbox 1809 2779 1929 2829; x_wconf 90' lang='lat' dir='ltr'><strong>Vim</strong></span> <span class='ocrx_word' id='word_1_458' title='bbox 1968 2786 2145 2829; x_wconf 86' lang='lat' dir='ltr'><strong>autem</strong></span> <span class='ocrx_word' id='word_1_459' title='bbox 2186 2780 2337 2843; x_wconf 86' lang='lat' dir='ltr'><strong>hujus</strong></span> <span class='ocrx_word' id='word_1_460' title='bbox 2377 2782 2517 2830; x_wconf 81' lang='lat' dir='ltr'><strong>vocis</strong></span> <span class='ocrx_word' id='word_1_461' title='bbox 2554 2781 2605 2830; x_wconf 88' lang='lat' dir='ltr'><strong>iu</strong></span> 
     </span>
     <span class='ocr_line' id='line_1_82' title="bbox 1545 2854 2604 2921; baseline 0.002 -18"><span class='ocrx_word' id='word_1_462' title='bbox 1545 2869 1695 2903; x_wconf 82' lang='lat' dir='ltr'><strong>versu</strong></span> <span class='ocrx_word' id='word_1_463' title='bbox 1718 2856 1939 2921; x_wconf 86' lang='lat' dir='ltr'><strong>quodam</strong></span> <span class='ocrx_word' id='word_1_464' title='bbox 1975 2856 2183 2918; x_wconf 82' lang='lat' dir='ltr'><strong>hujusce</strong></span> <span class='ocrx_word' id='word_1_465' title='bbox 2217 2854 2335 2904; x_wconf 86' lang='lat' dir='ltr'><strong>libri</strong></span> <span class='ocrx_word' id='word_1_466' title='bbox 2368 2856 2604 2906; x_wconf 85' lang='lat' dir='ltr'><strong>notabis:</strong></span> 
     </span>
     <span class='ocr_line' id='line_1_83' title="bbox 1545 2933 2607 2998; baseline 0.002 -15"><span class='ocrx_word' id='word_1_467' title='bbox 1545 2935 1561 2963; x_wconf 91' lang='lat'>‘</span> <span class='ocrx_word' id='word_1_468' title='bbox 1587 2934 1671 2983; x_wconf 86' lang='lat' dir='ltr'><strong>Fit</strong></span> <span class='ocrx_word' id='word_1_469' title='bbox 1690 2948 1892 2998; x_wconf 88' lang='lat' dir='ltr'><strong>quoque</strong></span> <span class='ocrx_word' id='word_1_470' title='bbox 1915 2933 1982 2983; x_wconf 92' lang='lat' dir='ltr'><strong>de</strong></span> <span class='ocrx_word' id='word_1_471' title='bbox 2005 2934 2219 2997; x_wconf 87' lang='lat' dir='ltr'><strong>speculo</strong></span> <span class='ocrx_word' id='word_1_472' title='bbox 2251 2934 2303 2983; x_wconf 90' lang='lat' dir='ltr'><strong>in</strong></span> <span class='ocrx_word' id='word_1_473' title='bbox 2338 2934 2607 2998; x_wconf 81' lang='lat' dir='ltr'><strong>speculum</strong></span> 
     </span>
     <span class='ocr_line' id='line_1_84' title="bbox 1547 3009 2608 3074; baseline 0.002 -16"><span class='ocrx_word' id='word_1_474' title='bbox 1547 3016 1607 3059; x_wconf 87' lang='lat' dir='ltr'><strong>ut</strong></span> <span class='ocrx_word' id='word_1_475' title='bbox 1630 3010 1868 3059; x_wconf 87' lang='lat' dir='ltr'><strong>tradatur</strong></span> <span class='ocrx_word' id='word_1_476' title='bbox 1890 3010 2057 3073; x_wconf 83' lang='lat' dir='ltr'><strong>imago</strong></span> <span class='ocrx_word' id='word_1_477' title='bbox 2076 3010 2117 3071; x_wconf 84' lang='lat'><strong>;’</strong></span> <span class='ocrx_word' id='word_1_478' title='bbox 2150 3011 2287 3074; x_wconf 89' lang='lat' dir='ltr'><strong>quod</strong></span> <span class='ocrx_word' id='word_1_479' title='bbox 2311 3009 2460 3059; x_wconf 87' lang='lat' dir='ltr'><strong>vides</strong></span> <span class='ocrx_word' id='word_1_480' title='bbox 2490 3012 2608 3060; x_wconf 86' lang='lat' dir='ltr'><strong>huic</strong></span> 
     </span>
     <span class='ocr_line' id='line_1_85' title="bbox 1546 3086 2608 3150; baseline 0.002 -15"><span class='ocrx_word' id='word_1_481' title='bbox 1546 3086 1663 3135; x_wconf 88' lang='lat' dir='ltr'><strong>loco</strong></span> <span class='ocrx_word' id='word_1_482' title='bbox 1686 3087 1941 3148; x_wconf 84' lang='lat' dir='ltr'><strong>geminum</strong></span> <span class='ocrx_word' id='word_1_483' title='bbox 1974 3101 2270 3150; x_wconf 75' lang='lat' dir='ltr'><strong>germanum</strong></span> <span class='ocrx_word' id='word_1_484' title='bbox 2304 3102 2431 3137; x_wconf 85' lang='lat' dir='ltr'><strong>esse.</strong></span> <span class='ocrx_word' id='word_1_485' title='bbox 2499 3088 2608 3137; x_wconf 85' lang='lat' dir='ltr'><strong>Ita·</strong></span> 
     </span>
     <span class='ocr_line' id='line_1_86' title="bbox 1549 3162 2611 3227; baseline 0 -16"><span class='ocrx_word' id='word_1_486' title='bbox 1549 3177 1652 3227; x_wconf 89' lang='lat' dir='ltr'><strong>que</strong></span> <span class='ocrx_word' id='word_1_487' title='bbox 1674 3162 1825 3212; x_wconf 81' lang='lat' dir='ltr'><strong>finem</strong></span> <span class='ocrx_word' id='word_1_488' title='bbox 1848 3162 2007 3213; x_wconf 84' lang='lat' dir='ltr'><strong>facio.</strong></span> <span class='ocrx_word' id='word_1_489' title='bbox 2072 3164 2277 3211; x_wconf 86' lang='lat' dir='ltr'><strong>Erroris</strong></span> <span class='ocrx_word' id='word_1_490' title='bbox 2300 3163 2447 3225; x_wconf 86' lang='lat' dir='ltr'><strong>origo</strong></span> <span class='ocrx_word' id='word_1_491' title='bbox 2470 3162 2611 3211; x_wconf 78' lang='lat' dir='ltr'><strong>vide-</strong></span> 
     </span>
     <span class='ocr_line' id='line_1_87' title="bbox 1550 3236 2608 3299; baseline -0.003 -10"><span class='ocrx_word' id='word_1_492' title='bbox 1550 3246 1635 3289; x_wconf 84' lang='lat' dir='ltr'><strong>tur</strong></span> <span class='ocrx_word' id='word_1_493' title='bbox 1662 3252 1778 3288; x_wconf 88' lang='lat' dir='ltr'><strong>esse</strong></span> <span class='ocrx_word' id='word_1_494' title='bbox 1814 3239 1865 3285; x_wconf 78' lang='grc' dir='ltr'><strong>ἐν</strong></span> <span class='ocrx_word' id='word_1_495' title='bbox 1884 3240 1953 3298; x_wconf 70' lang='grc' dir='ltr'><strong>τᾷ</strong></span> <span class='ocrx_word' id='word_1_496' title='bbox 1972 3236 2492 3299; x_wconf 72' lang='grc' dir='ltr'><strong>ἄκροτελευτίφνεηιιε</strong></span> <span class='ocrx_word' id='word_1_497' title='bbox 2526 3252 2608 3286; x_wconf 88' lang='lat' dir='ltr'><strong>su-</strong></span> 
     </span>
     <span class='ocr_line' id='line_1_88' title="bbox 1550 3313 2611 3377; baseline 0 -15"><span class='ocrx_word' id='word_1_498' title='bbox 1550 3314 1789 3377; x_wconf 86' lang='lat' dir='ltr'><strong>perioris,</strong></span> <span class='ocrx_word' id='word_1_499' title='bbox 1822 3313 1959 3377; x_wconf 87' lang='lat' dir='ltr'><strong>quod</strong></span> <span class='ocrx_word' id='word_1_500' title='bbox 2001 3314 2287 3375; x_wconf 77' lang='lat' dir='ltr'><strong>incogitans</strong></span> <span class='ocrx_word' id='word_1_501' title='bbox 2322 3313 2611 3376; x_wconf 84' lang='lat' dir='ltr'><strong>exscriptor</strong></span> 
     </span>
     <span class='ocr_line' id='line_1_89' title="bbox 1551 3390 2610 3453; baseline -0.001 -14"><span class='ocrx_word' id='word_1_502' title='bbox 1551 3390 1813 3453; x_wconf 77' lang='lat' dir='ltr'><strong>respexit3</strong></span> <span class='ocrx_word' id='word_1_503' title='bbox 1858 3391 1908 3436; x_wconf 89' lang='lat' dir='ltr'><strong>in</strong></span> <span class='ocrx_word' id='word_1_504' title='bbox 1954 3403 2018 3437; x_wconf 90' lang='lat' dir='ltr'><strong>eo</strong></span> <span class='ocrx_word' id='word_1_505' title='bbox 2063 3390 2199 3438; x_wconf 82' lang='lat' dir='ltr'><strong>enim</strong></span> <span class='ocrx_word' id='word_1_506' title='bbox 2239 3390 2610 3438; x_wconf 86' lang='lat' dir='ltr'><strong>elementorum</strong></span> 
     </span>
     <span class='ocr_line' id='line_1_90' title="bbox 1552 3465 2613 3515; baseline -0.002 0"><span class='ocrx_word' id='word_1_507' title='bbox 1552 3465 1831 3515; x_wconf 85' lang='lat' dir='ltr'><strong>similitudo</strong></span> <span class='ocrx_word' id='word_1_508' title='bbox 1852 3466 2105 3515; x_wconf 81' lang='lat' dir='ltr'><strong>bominem</strong></span> <span class='ocrx_word' id='word_1_509' title='bbox 2139 3467 2191 3515; x_wconf 86' lang='lat' dir='ltr'><strong>in</strong></span> <span class='ocrx_word' id='word_1_510' title='bbox 2224 3465 2459 3515; x_wconf 77' lang='lat' dir='ltr'><strong>fraudem</strong></span> <span class='ocrx_word' id='word_1_511' title='bbox 2488 3481 2613 3515; x_wconf 88' lang='lat' dir='ltr'><strong>con-</strong></span> 
     </span>
     <span class='ocr_line' id='line_1_91' title="bbox 1545 3542 2610 3604; baseline 0.001 -14"><span class='ocrx_word' id='word_1_512' title='bbox 1545 3542 1701 3604; x_wconf 85' lang='lat' dir='ltr'><strong>jecit,</strong></span> <span class='ocrx_word' id='word_1_513' title='bbox 1720 3542 1793 3590; x_wconf 81' lang='lat' dir='ltr'><strong>ita</strong></span> <span class='ocrx_word' id='word_1_514' title='bbox 1827 3544 1982 3592; x_wconf 76' lang='lat' dir='ltr'><strong>colles.</strong></span> <span class='ocrx_word' id='word_1_515' title='bbox 2047 3542 2151 3593; x_wconf 87' lang='lat' dir='ltr'><strong>Sed</strong></span> <span class='ocrx_word' id='word_1_516' title='bbox 2186 3542 2323 3591; x_wconf 84' lang='lat' dir='ltr'><strong>unde</strong></span> <span class='ocrx_word' id='word_1_517' title='bbox 2362 3542 2500 3590; x_wconf 89' lang='lat' dir='ltr'><strong>unde</strong></span> <span class='ocrx_word' id='word_1_518' title='bbox 2522 3544 2610 3603; x_wconf 84' lang='lat' dir='ltr'><strong>sit,</strong></span> 
     </span>
     <span class='ocr_line' id='line_1_92' title="bbox 1553 3616 2612 3682; baseline -0.001 -15"><span class='ocrx_word' id='word_1_519' title='bbox 1553 3618 1796 3667; x_wconf 87' lang='lat' dir='ltr'><strong>mendum</strong></span> <span class='ocrx_word' id='word_1_520' title='bbox 1827 3625 1927 3681; x_wconf 86' lang='lat' dir='ltr'><strong>est,</strong></span> <span class='ocrx_word' id='word_1_521' title='bbox 1962 3623 2018 3666; x_wconf 85' lang='lat' dir='ltr'><strong>et</strong></span> <span class='ocrx_word' id='word_1_522' title='bbox 2056 3616 2259 3681; x_wconf 88' lang='lat' dir='ltr'><strong>quidem</strong></span> <span class='ocrx_word' id='word_1_523' title='bbox 2295 3617 2612 3682; x_wconf 83' lang='lat' dir='ltr'><strong>ejuscemodi</strong></span> 
     </span>
     <span class='ocr_line' id='line_1_93' title="bbox 1555 3692 2613 3743; baseline 0.002 -2"><span class='ocrx_word' id='word_1_524' title='bbox 1555 3701 1615 3743; x_wconf 84' lang='lat' dir='ltr'><strong>ut</strong></span> <span class='ocrx_word' id='word_1_525' title='bbox 1658 3708 1687 3741; x_wconf 87' lang='lat' dir='ltr'><strong>a</strong></span> <span class='ocrx_word' id='word_1_526' title='bbox 1730 3694 1933 3742; x_wconf 88' lang='lat' dir='ltr'><strong>nemine</strong></span> <span class='ocrx_word' id='word_1_527' title='bbox 1992 3692 2158 3742; x_wconf 84' lang='lat' dir='ltr'><strong>adhuc</strong></span> <span class='ocrx_word' id='word_1_528' title='bbox 2202 3692 2613 3743; x_wconf 80' lang='lat' dir='ltr'><strong>animadversum</strong></span> 
     </span>
     <span class='ocr_line' id='line_1_94' title="bbox 1555 3768 1947 3819; baseline 0 -1"><span class='ocrx_word' id='word_1_529' title='bbox 1555 3768 1734 3819; x_wconf 83' lang='lat' dir='ltr'><strong>fuerit.</strong></span> <span class='ocrx_word' id='word_1_530' title='bbox 1775 3769 1947 3818; x_wconf 78' lang='lat' dir='ltr'><strong>Faber.</strong></span> 
     </span>
    </p>

    <p class='ocr_par' dir='ltr' id='par_1_8' title="bbox 1545 3845 2619 4363">
     <span class='ocr_line' id='line_1_95' title="bbox 1622 3845 2614 3908; baseline 0 -14"><span class='ocrx_word' id='word_1_531' title='bbox 1622 3849 1719 3895; x_wconf 74' lang='lat'><strong>⁵83</strong></span> <span class='ocrx_word' id='word_1_532' title='bbox 1764 3845 2093 3908; x_wconf 78' lang='lat' dir='ltr'><strong>Repulsuntes]</strong></span> <span class='ocrx_word' id='word_1_533' title='bbox 2145 3845 2479 3907; x_wconf 71' lang='lat' dir='ltr'><strong>propulsantes</strong></span> <span class='ocrx_word' id='word_1_534' title='bbox 2528 3861 2614 3895; x_wconf 86' lang='lat' dir='ltr'><strong>ve-.</strong></span> 
     </span>
     <span class='ocr_line' id='line_1_96' title="bbox 1559 3919 2619 3984; baseline -0.003 -14"><span class='ocrx_word' id='word_1_535' title='bbox 1559 3928 1701 3970; x_wconf 84' lang='lat' dir='ltr'><strong>teres</strong></span> <span class='ocrx_word' id='word_1_536' title='bbox 1721 3920 1947 3984; x_wconf 86' lang='lat' dir='ltr'><strong>quidam.</strong></span> <span class='ocrx_word' id='word_1_537' title='bbox 1986 3919 2157 3979; x_wconf 68' lang='lat' dir='ltr'><strong>Gifun.</strong></span> <span class='ocrx_word' id='word_1_538' title='bbox 2217 3920 2465 3968; x_wconf 68' lang='lat' dir='ltr'><strong>uer-abant</strong></span> <span class='ocrx_word' id='word_1_539' title='bbox 2486 3921 2619 3969; x_wconf 75' lang='lat' dir='ltr'><strong>dicta</strong></span> 
     </span>
     <span class='ocr_line' id='line_1_97' title="bbox 1557 3993 2617 4055; baseline 0.001 -12"><span class='ocrx_word' id='word_1_540' title='bbox 1557 3994 1752 4055; x_wconf 82' lang='lat' dir='ltr'><strong>referre.</strong></span> <span class='ocrx_word' id='word_1_541' title='bbox 1820 3993 1987 4043; x_wconf 84' lang='lat' dir='ltr'><strong>codd.</strong></span> <span class='ocrx_word' id='word_1_542' title='bbox 2056 3994 2307 4043; x_wconf 78' lang='lat' dir='ltr'><strong>Iterobunt</strong></span> <span class='ocrx_word' id='word_1_543' title='bbox 2358 3995 2491 4044; x_wconf 80' lang='lat' dir='ltr'><strong>dicta</strong></span> <span class='ocrx_word' id='word_1_544' title='bbox 2543 4010 2617 4044; x_wconf 84' lang='lat' dir='ltr'><strong>re-</strong></span> 
     </span>
     <span class='ocr_line' id='line_1_98' title="bbox 1545 4070 2617 4132; baseline -0.001 -10"><span class='ocrx_word' id='word_1_545' title='bbox 1545 4072 1693 4132; x_wconf 81' lang='lat' dir='ltr'><strong>ferri.</strong></span> <span class='ocrx_word' id='word_1_546' title='bbox 1741 4070 1909 4119; x_wconf 79' lang='lat' dir='ltr'><strong>Fabro</strong></span> <span class='ocrx_word' id='word_1_547' title='bbox 1926 4076 2098 4119; x_wconf 85' lang='lat' dir='ltr'><strong>autem</strong></span> <span class='ocrx_word' id='word_1_548' title='bbox 2116 4070 2368 4129; x_wconf 67' lang='lat' dir='ltr'><strong>ingratum</strong></span> <span class='ocrx_word' id='word_1_549' title='bbox 2392 4080 2473 4121; x_wconf 88' lang='lat' dir='ltr'><strong>est</strong></span> <span class='ocrx_word' id='word_1_550' title='bbox 2492 4073 2617 4121; x_wconf 89' lang='lat' dir='ltr'><strong>illud</strong></span> 
     </span>
     <span class='ocr_line' id='line_1_99' title="bbox 1558 4145 2615 4209; baseline 0.005 -16"><span class='ocrx_word' id='word_1_551' title='bbox 1558 4145 1812 4205; x_wconf 79' lang='lat' dir='ltr'><strong>iterabant,</strong></span> <span class='ocrx_word' id='word_1_552' title='bbox 1876 4145 2097 4209; x_wconf 87' lang='lat' dir='ltr'><strong>ideoque</strong></span> <span class='ocrx_word' id='word_1_553' title='bbox 2163 4146 2293 4208; x_wconf 76' lang='lat' dir='ltr'><strong>legit</strong></span> <span class='ocrx_word' id='word_1_554' title='bbox 2352 4148 2615 4198; x_wconf 68' lang='lat' dir='ltr'><strong>trudebant.</strong></span> 
     </span>
     <span class='ocr_line' id='line_1_100' title="bbox 1561 4219 2619 4284; baseline 0.003 -16"><span class='ocrx_word' id='word_1_555' title='bbox 1561 4220 1783 4269; x_wconf 85' lang='lat' dir='ltr'><strong>Creeeh.</strong></span> <span class='ocrx_word' id='word_1_556' title='bbox 1846 4219 1903 4269; x_wconf 88' lang='lat' dir='ltr'><strong>Si</strong></span> <span class='ocrx_word' id='word_1_557' title='bbox 1942 4219 2211 4283; x_wconf 84' lang='lat' dir='ltr'><strong>ingeniosa</strong></span> <span class='ocrx_word' id='word_1_558' title='bbox 2248 4220 2402 4270; x_wconf 83' lang='lat' dir='ltr'><strong>Fabri</strong></span> <span class='ocrx_word' id='word_1_559' title='bbox 2442 4223 2619 4284; x_wconf 73' lang='lat' dir='ltr'><strong>placet</strong></span> 
     </span>
     <span class='ocr_line' id='line_1_101' title="bbox 1561 4296 2619 4363; baseline -0.001 -18"><span class='ocrx_word' id='word_1_560' title='bbox 1561 4297 1883 4361; x_wconf 84' lang='lat' dir='ltr'><strong>conjectura,</strong></span> <span class='ocrx_word' id='word_1_561' title='bbox 1922 4298 1997 4347; x_wconf 81' lang='lat' dir='ltr'><strong>ita</strong></span> <span class='ocrx_word' id='word_1_562' title='bbox 2034 4296 2348 4363; x_wconf 71' lang='lat' dir='ltr'><strong>distinguas:</strong></span> <span class='ocrx_word' id='word_1_563' title='bbox 2382 4297 2455 4345; x_wconf 72' lang='lat' dir='ltr'><strong>itu</strong></span> <span class='ocrx_word' id='word_1_564' title='bbox 2480 4297 2619 4345; x_wconf 76' lang='lat' dir='ltr'><strong>eolles</strong></span> 
     </span>
    </p>
   </div>
  </div>
 </body>
</html>
