3200 4959
605 433 780 500 1590

606 594 768 642 stulto
801 593 876 642 nil
915 591 984 642 sit
1017 590 1162 654 satis,
1198 589 1364 640 omnis
1387 604 1502 640 cum
1525 588 1667 640 sint-⁹

605 667 774 716 Lumo.

673 747 798 792 1483
824 743 886 791 In
904 742 1074 804 attam]
1109 741 1345 804 Metaph.
1367 757 1398 790 a
1421 741 1665 804 navigan-

606 818 761 877 tibus,
801 818 1084 880 pericnlum
1123 815 1400 879 signifieat.
1466 818 1548 867 De
1587 832 1664 866 vs.

607 899 782 940 autern
823 891 911 940 illo
948 896 1095 941 1455.
1137 892 1415 955 ‘Namque
1457 892 1558 940 slid
1602 906 1667 939 ex

603 966 742 1029 alio,'
763 970 861 1015 διο.
886 966 1080 1016 dictum
1100 974 1180 1015 est
1201 968 1254 1015 in
1280 967 1667 1017 Emendationi-

602 1042 714 1091 bus.
750 1043 920 1091 Faber.
986 1043 1299 1104 Metaphora
1321 1057 1350 1090 a
1375 1042 1665 1106 naviganti-

603 1119 720 1178 bus,
773 1132 921 1167 versu
967 1118 1206 1182 sequenti
1251 1118 1408 1167 babes
1461 1119 1663 1167 ‘aestus

608 1193 765 1242 beni:
799 1194 993 1244 Greech.

673 1273 796 1317 1435
831 1271 902 1317 At
921 1268 1093 1329 vigiles
1111 1267 1294 1330 mundi]
1328 1267 1471 1316 Dicit
1503 1268 1665 1316 bomi-

603 1359 698 1394 nes
721 1359 787 1392 ex
809 1345 928 1394 solis
958 1350 1012 1394 et
1049 1345 1184 1392 lunoe
1227 1357 1380 1392 eursu
1419 1341 1665 1391 didicisse

605 1435 854 1470 annorum
895 1427 1133 1484 tempora
1171 1418 1468 1482 circumagi,
1507 1424 1665 1480 atque

604 1495 656 1544 iu
695 1495 876 1544 orbem
913 1495 1104 1557 redire,
1143 1501 1198 1543 et
1235 1500 1402 1543 statos
1439 1509 1502 1543 sc
1526 1501 1665 1542 ratos

605 1585 720 1620 esse
745 1585 914 1620 rerum
940 1570 1168 1620 ordines.
1193 1569 1358 1619 Lamo.
1408 1569 1666 1621 Quoniam

603 1646 810 1696 diutina
852 1646 1180 1709 experientia
1233 1653 1406 1694 certos
1451 1644 1667 1694 fecisset

603 1721 834 1770 homines
871 1721 992 1768 anni
1027 1726 1365 1782 tempestates
1405 1727 1550 1770 certo
1584 1737 1665 1770 or·

603 1796 723 1845 dlue
748 1796 936 1858 redire,
957 1809 1122 1859 neque
1145 1810 1268 1845 casu
1286 1794 1446 1844 fluere
1471 1798 1664 1859 omnia,

603 1879 656 1920 et
683 1871 903 1933 turbari,
935 1872 1078 1935 (nam
1113 1871 1269 1919 atomi
1310 1873 1529 1934 primum
1559 1870 1663 1920 for-

602 1947 740 1996 tuito
763 1947 1155 2009 convenientes,
1189 1945 1264 1994 ita
1295 1955 1465 1995 motus
1489 1948 1568 1996 sui
1589 1949 1663 1997 le·

603 2020 850 2084 gibus,'et
873 2023 923 2070 vi
941 2028 1140 2070 natura·
1164 2021 1569 2084 constituuntur,
1587 2032 1666 2086 ut,

599 2098 700 2146 nisi
741 2100 914 2162 aliqua
951 2113 1106 2147 causa
1143 2101 1468 2149 extrinsecus
1506 2100 1665 2150 adve-

600 2172 746 2222 niens
777 2174 1046 2236 impediat,
1083 2173 1263 2223 iisdem
1289 2189 1495 2239 semper
1515 2179 1665 2226 moti-

602 2248 700 2297 bus
723 2247 1004 2311 ferantur,)
1034 2249 1246 2297 tandem
1281 2259 1479 2300 certum
1503 2253 1663 2302 stabi·

599 2323 754 2386 leque
791 2323 1000 2371 vivendi
1045 2338 1208 2386 genus
1243 2327 1469 2387 amplexi
1509 2335 1661 2386 sunt3

598 2397 724 2446 inde
743 2398 1040 2446 constitutae
1068 2399 1396 2461 respublicoe,
1421 2403 1664 2452 instituta

602 2474 758 2521 etiam
783 2473 916 2521 inter
936 2472 1170 2521 diversas
1196 2481 1380 2534 gentes
1413 2491 1663 2526 commer-

601 2549 716 2607 (τίεις
749 2553 858 2596 turn
894 2547 1080 2596 litterae
1118 2547 1365 2612 inventae,
1404 2553 1514 2600 uati
1551 2559 1662 2604 tum

599 2621 1141 2686 poetae,historiartim
1197 2631 1394 2688 patres,
1436 2627 1663 2693 deniqne

598 2699 827 2747 inventae
873 2705 995 2747 sunt
1031 2701 1148 2748 istae
1196 2708 1356 2763 artes,
1396 2717 1514 2751 nam
1552 2719 1660 2754 om·

599 2774 740 2822 nium
764 2774 1034 2823 authorum
1056 2776 1260 2823 uomina
1275 2776 1657 2843 deseribuntur,

600 2863 716 2912 quse
741 2849 860 2897 vitae
883 2856 1090 2911 nostrie,
1112 2857 1202 2898 aut
1217 2851 1472 2914 voluptati
1495 2853 1657 2903 inser-

598 2925 766 2974 viunt.
792 2940 885 2974 vss.
908 2929 988 2974 22.
1027 2927 1217 2975 Creeolr.
1551 2967 1558 2974 .

661 3006 796 3052 1439
825 3003 942 3052 Joem
973 3004 1146 3052 validis
1177 3005 1338 3068 saa-pti]
1372 3006 1520 3057 Tunc
1556 3023 1657 3057 coe·

598 3084 791 3142 perant
830 3079 1059 3127 homines
1094 3079 1147 3127 in
1177 3081 1403 3130 turribus
1425 3090 1582 3147 atque
1606 3085 1655 3132 iu

598 3154 727 3203 locis
773 3155 982 3203 munitis
1025 3155 1283 3218 babitare,
1323 3157 1498 3206 urbeis
1537 3174 1657 3208 con-

597 3228 741 3287 dere,
785 3245 944 3294 sgros.
971 3231 1218 3280 limitibus
1253 3232 1570 3296 distinguere
1595 3249 1657 3285 ac

593 3307 896 3365 terminare,
917 3308 1183 3370 navigare,
1200 3311 1298 3358 διο.
1327 3309 1493 3360 Lumb.

661 3385 790 3429 1440
824 3381 1134 3444 Discretuque
1173 3384 1350 3446 Tellus]
1386 3385 1656 3434 Limitibus

595 3456 858 3516 distincta,
905 3465 961 3505 et
1003 3457 1202 3507 finibus.
1237 3461 1323 3508 alii
1363 3461 1542 3522 legunt
1575 3465 1657 3510 de-

592 3533 858 3594 scriptaque
876 3534 1031 3580 tellus.
1062 3533 1244 3581 Lamb.
1312 3534 1655 3598 Descriptaque

589 3609 746 3656 tellus.
796 3605 1242 3667 Itarestituimus‚
1279 3608 1443 3670 adjuti
1481 3625 1510 3658 a
1546 3617 1654 3662 vet.

595 3679 882 3734 codicibus,
905 3680 958 3727 in
976 3680 1156 3742 quibus
1175 3681 1300 3744 fere,
1321 3684 1650 3748 distinctaque.

593 3755 752 3817 vulg.
770 3754 1078 3816 discretaque.
1117 3755 1248 3804 Vide
1262 3756 1514 3808 Iudicem.
1542 3760 1650 3819 Gis.

659 3833 784 3879 1441
830 3829 1074 3892 Velit-olis]
1105 3831 1194 3879 Sic
1233 3833 1439 3882 omnino
1477 3836 1651 3900 legen-

591 3906 712 3956 dum
734 3913 866 3970 puto
887 3919 954 3952 ex
977 3913 1082 3954 vet.
1107 3907 1264 3971 libris,
1286 3915 1342 3958 et
1360 3910 1559 3974 Servio,
1581 3913 1647 3961 ad

587 3983 677 4032 lib.
706 3987 754 4032 1.
777 3982 890 4030 AEn.
927 3981 1099 4040 Gifan.

658 4058 872 4106 Navibus
913 4057 1106 4120 pandis]
1175 4059 1411 4110 Navibus
1457 4065 1645 4118 curvis.

589 4133 819 4181 nonnulli
841 4132 956 4182 libri
985 4134 1195 4195 habent,
1213 4135 1419 4198 florebat
1452 4147 1648 4203 propter

585 4208 767 4266 odores,
786 4205 877 4254 sed
895 4206 979 4270 (ut
997 4207 1208 4272 opinor)
1219 4220 1482 4276 corrupte.
1523 4217 1643 4266 Hoc

1300 447 1511 498 80⁹1·AE
1559 447 1965 499 vsluomm
2015 449 2094 497 IN

1742 603 1807 638 ex
1833 589 2190 651 annotatione,
2208 597 2371 652 eaque
2394 586 2571 651 pingui
2590 593 2649 636 et
2670 599 2817 635 cras·

1744 679 1800 714 sa
1821 681 1834 712 ε
1870 678 1989 714 nam
2012 664 2079 712 ad
2110 659 2407 712 boec'verba
2437 663 2452 688 ⁸
2470 660 2695 710 florebat
2718 675 2817 712 ua-

1744 739 1930 801 vibus,’
1964 737 2248 801 adscripsit
2269 737 2451 800 aliquis
2472 737 2681 784 minime
2704 751 2815 784 rna-

1742 813 1840 875 lus,
1860 818 2051 875 propter
2068 814 2247 874 odores,
2264 811 2561 876 significans
2586 812 2814 860 merceio

1742 887 2005 948 odoratas,
2058 903 2175 952 qum
2220 888 2439 938 navibus
2480 888 2815 937 veherentur.

1742 977 1859 1026 quae
1898 964 2058 1013 verba
2095 971 2281 1025 postea
2318 965 2564 1028 conjecta
2596 971 2721 1012 sunt
2752 965 2809 1010 in

1740 1045 2069 1100 contextum,
2108 1039 2333 1089 detrusis
2379 1039 2537 1088 rectis
2576 1039 2812 1100 vocibus,

1738 1113 1934 1162 navibus
1953 1114 2138 1178 pondis.
2173 1115 2311 1178 quod
2337 1112 2569 1164 factitari
2592 1130 2708 1164 esse
2728 1129 2809 1163 so·

1738 1187 1909 1250 litum,
1931 1201 2074 1251 saepe
2098 1189 2219 1236 alins
2243 1189 2619 1239 admonuimus.
2639 1189 2809 1240 Lumb.

1739 1263 1902 1311 Ponti.
1972 1263 2195 1312 Quidam
2234 1263 2373 1325 libri,
2405 1266 2591 1326 pandis.
2624 1265 2806 1316 Gifan.

1742 1337 1999 1401 Gifauius,
2034 1339 2152 1388 Tum
2192 1355 2319 1390 mure
2353 1341 2565 1390 velit-olis
2594 1341 2807 1404 florebat

1738 1415 1933 1463 navibus
1950 1417 2099 1477 ponti.
2153 1417 2365 1466 Vossius
2384 1419 2449 1466 ad
2470 1418 2731 1468 Catullum
2752 1435 2805 1482 p.

1741 1495 1826 1541 77.
1859 1491 1969 1540 baeo
1992 1493 2176 1542 babet:
2216 1495 2231 1522 ⁶
2255 1495 2377 1542 Tum
2394 1494 2538 1542 Mare
2554 1494 2805 1543 velivolum

1726 1565 1935 1628 florebat
1950 1572 2147 1630 propter
2166 1571 2345 1617 odores.
2391 1569 2531 1617 Haec
2540 1576 2622 1618 est
2637 1571 2804 1632 scrip-

1742 1647 1859 1689 tura
1900 1642 2144 1705 omniurn,
2186 1643 2284 1691 nisi
2329 1641 2497 1706 fallor,
2522 1644 2805 1706 librornm3

1742 1729 1893 1778 quam
1917 1719 2104 1766 merito
2128 1717 2272 1766 docti
2308 1733 2361 1767 se
2382 1732 2486 1767 nou
2512 1719 2805 1788 intelligere

1739 1788 2001 1852 fatentur3
2035 1792 2107 1840 sic
2147 1797 2305 1854 enim,
2338 1801 2485 1858 puto,
2519 1797 2805 1860 scripserat

1739 1868 2045 1929 Lucretius;
2082 1869 2201 1918 Tum
2224 1871 2365 1918 Mare
2384 1871 2632 1920 velivolum
2650 1872 2801 1935 flore-

1738 1941 1818 1990 bat
1847 1943 2013 1992 Protei
2046 1947 2108 1992 ud
2140 1959 2265 1994 orus.
2338 1946 2561 1996 Proteus
2595 1954 2652 1996 et
2687 1950 2805 2011 ipse

1738 2018 2147 2081 Deus=mariuus‚
2171 2029 2356 2084 utpote
2380 2023 2466 2084 qui
2496 2022 2689 2084 primns
2714 2037 2802 2071 na·

1738 2093 1940 2154 vigasse
1963 2096 2225 2157 creditur3
2260 2099 2276 2125 ‘
2298 2096 2449 2146 Orae'
2481 2112 2607 2146 vero
2634 2099 2650 2125 ‘
2671 2097 2803 2149 Pro-

1739 2169 1850 2229 tei,’
1902 2176 2025 2219 sunt
2068 2185 2173 2218 orae
2216 2171 2269 2218 iu
2316 2171 2503 2236 quibus
2548 2173 2801 2236 regnabat

1736 2243 1982 2306 Proteus,
2013 2245 2069 2293 iu
2102 2245 2285 2309 quibus
2304 2247 2553 2302 ,omnibus
2586 2249 2802 2310 naviga-

1738 2319 1931 2368 tionem
1985 2318 2215 2370 floruisse
2248 2319 2519 2378 affirmat?
2596 2324 2802 2375 Quibus

1738 2393 1849 2443 haec
1876 2395 2082 2457 placent
2106 2397 2205 2444 illis
2227 2397 2351 2444 nihil
2376 2411 2593 2460 unquam
2618 2399 2801 2460 displi-

1737 2477 1880 2520 ceat:
1908 2471 2189 2520 Lambinus
2206 2473 2407 2521 invenit
2420 2474 2471 2521 in
2486 2473 2799 2538 quibusdam

1735 2545 1902 2595 Codd.
1968 2547 2186 2596 Navibus
2216 2550 2411 2611 pandis,
2442 2556 2498 2598 et
2519 2549 2632 2598 istis
2655 2551 2800 2599 voci-

1736 2618 1829 2668 bus
1869 2636 1968 2685 ego
2007 2625 2210 2689 quidem
2250 2632 2573 2680 contentus..
2596 2627 2799 2674 (Ii-eecli.

1730 2696 1942 2746 Servius
1964 2699 2029 2746 ad
2054 2701 2198 2762 Virg.
2220 2704 2335 2749 804.
2367 2703 2381 2727 ‘
2398 2702 2596 2753 Ennius
2618 2710 2675 2750 et
2696 2703 2801 2752 Iau-

1730 2773 1925 2824 cretius
1946 2773 2133 2824 florens
2155 2777 2339 2827 dicunt
2361 2792 2509 2826 omne
2541 2779 2681 2842 quod
2716 2779 2797 2826 ni·-

1732 2849 1898 2898 tidum
1924 2857 2039 2899 estz
2068 2853 2167 2900 hoc
2190 2861 2399 2902 secutus
2422 2862 2503 2902 est
2529 2854 2798 2918 Virgilius.

1732 2924 1901 2975 Aliter
1918 2927 2229 2991 Acyrologia
2250 2937 2348 2979 est.
2382 2931 2588 2978 Luci-et.
2614 2933 2627 2958 ‘
2642 2929 2797 2980 flore-

1730 2999 1820 3049 bat
1841 3002 2051 3052 nnvibus
2076 3004 2332 3066 pontus.''
2361 3004 2437 3054 At
2456 3006 2508 3054 in
2530 3014 2797 3068 postrema

1732 3075 1999 3139 Editione,
2015 3079 2121 3128 sive
2132 3081 2391 3143 Masvicii‚
2407 3083 2619 3144 vulgata
2642 3084 2797 3132 Lam-

1731 3149 1837 3199 bini
1854 3152 2133 3214 estlectio;
2152 3155 2193 3202 si
2212 3169 2241 3203 e
2262 3157 2388 3206 Mss.
2406 3157 2523 3204 uolo
2540 3171 2795 3220 pugnare,

1729 3240 2036 3291 quamquam
2058 3243 2159 3278 non
2187 3230 2398 3293 probem
2416 3231 2598 3280 nullibi
2621 3233 2675 3280 in
2699 3232 2795 3281 illa

1731 3302 1975 3353 Editione
1995 3307 2185 3368 apponi
2216 3307 2353 3357 Mss.
2378 3315 2433 3358 et
2465 3309 2531 3356 V.
2552 3309 2613 3357 L.
2652 3311 2795 3360 noti-

1730 3377 1885 3437 tiam3
1919 3385 1975 3427 et
2013 3386 2186 3428 tamen
2226 3382 2390 3430 altera
2422 3383 2581 3431 lectio
2610 3397 2666 3432 se
2706 3391 2793 3432 tu-

1731 3454 1831 3502 tari
1872 3462 2065 3516 potest,
2102 3456 2145 3504 si
2179 3455 2255 3504 ita
2294 3455 2610 3518 distinguas:
2666 3459 2793 3507 nm·

1728 3541 1859 3576 mare
1872 3529 2141 3590 velivolum,
2160 3529 2367 3592 florebat
2388 3531 2581 3580 navibus
2596 3538 2792 3598 potitus.

1728 3601 1791 3650 In
1837 3601 1973 3652 bello
2016 3604 2151 3653 enim
2189 3605 2465 3655 velivolum
2508 3607 2663 3655 etiam
2704 3617 2789 3658 est

1726 3690 1884 3741 mare,
1918 3685 1973 3726 at
2007 3679 2061 3726 in
2098 3693 2228 3742 pace
2249 3678 2439 3730 florere
2460 3681 2679 3730 maxime
2700 3695 2787 3732 so-

1727 3755 1816 3805 let.
1882 3755 1999 3804 Scio
2038 3757 2307 3819 synonima
2337 3771 2450 3806 esse
2481 3757 2705 3812 ‘mai-ef
2724 3767 2787 3808 et

1727 3831 1745 3856 ‘
1769 3835 1956 3893 pontus
1979 3829 2013 3892 ;’
2065 3830 2159 3880 sed
2208 3846 2365 3896 quum
2408 3846 2529 3882 mox
2586 3834 2789 3896 pariter

1722 3905 1739 3932 ‘
1758 3906 1945 3955 auxilia
1963 3907 1978 3927 ’
2010 3913 2067 3956 et
2100 3909 2116 3935 ‘
2136 3907 2335 3958 socios’
2370 3906 2532 3969 dicat,
2564 3911 2651 3973 qui
2678 3924 2787 3959 non

1722 3981 1881 4043 pluris
1918 3979 2182 4045 differunt,
2218 3983 2375 4033 etiam
2405 3998 2541 4034 nunc
2563 3999 2706 4035 mare
2728 3993 2789 4037 et

1721 4062 1935 4118 pontum
1959 4057 2275 4121 conjungere
2296 4060 2485 4124 potuit.
2520 4061 2649 4111 Hae.

1788 4134 1915 4180 1444
1943 4133 2039 4182 Nec
2050 4135 2203 4182 multo
2220 4133 2379 4197 prius]
2413 4136 2584 4187 Quam
2608 4137 2785 4200 poetas

1720 4219 1803 4256 res
1823 4214 1997 4270 gestas
2015 4210 2329 4260 carminibus
2348 4211 2589 4276 persequi
2608 4225 2785 4277 coepe-

591 4291 758 4334 totum
773 4281 907 4340 enirn
918 4289 1492 4353 pmpterodorer,natum
1513 4298 1645 4355 puto
1716 4291 1858 4334 runt.
1885 4284 2052 4334 Lamb.
